BibFile generated by pas-bib version 122115, 2012-07-05 17:07 UTC
@ARTICLE{CMS-PAS-SUS-12-017,
      COLLABORATION = {CMS},
      TITLE       = "Search for new physics in events with same-sign dileptons
and b-tagged jets in pp collisions at $\sqrt{s}=8$ {TeV}",
      AUTHOR      = "{CMS Collaboration}",
      URL         = "http://cdsweb.cern.ch/record/1459811",
      JOURNAL     = "CMS Physics Analysis Summary",
      VOLUME      =  "CMS-PAS-SUS-12-017",
      YEAR        = "2012"
}
@ARTICLE{CMS-PAS-SUS-12-010,
      COLLABORATION = "CMS",
      TITLE       = "Search for new physics with single-leptons at the {LHC}",
      AUTHOR      = "{CMS Collaboration}",
      URL         = "http://cdsweb.cern.ch/record/1445275",
      JOURNAL     = "CMS Physics Analysis Summary",
      VOLUME      =  "CMS-PAS-SUS-12-010",
      YEAR        = "2012"
}
@ARTICLE{CMS-PAS-SUS-12-009,
      COLLABORATION = {CMS},
      TITLE       = "A search for the decays of a new heavy particle in multijet events with the razor variables at {CMS} in pp collisions at {$\sqrt{s}=7\TeV$}",
      AUTHOR      = "{CMS Collaboration}",
      URL         = "http://cdsweb.cern.ch/record/1459812",
      JOURNAL     = "CMS Physics Analysis Summary",
      VOLUME      =  "CMS-PAS-SUS-12-009",
      YEAR        = "2012"
}
@ARTICLE{CMS-PAS-SUS-12-005,
      COLLABORATION = "CMS",
      TITLE       = "Search for supersymmetry with the razor variables",
      AUTHOR      = "{CMS Collaboration}",
      URL         = "http://cdsweb.cern.ch/record/1430715",
      JOURNAL     = "CMS Physics Analysis Summary",
      VOLUME      =  "CMS-PAS-SUS-12-005",
      YEAR        = "2012"
}
@ARTICLE{CMS-PAS-SUS-12-004,
      COLLABORATION = {CMS},
      TITLE       = "Search for physics beyond the standard model in events with $\tau$-leptons in the presence of multijets and large momentum imbalance in $pp$ collisions at $\sqrt{s}=7$~{TeV}",
      AUTHOR      = "{CMS Collaboration}",
      URL         = "http://cdsweb.cern.ch/record/1459809",
      JOURNAL     = "CMS Physics Analysis Summary",
      VOLUME      =  "CMS-PAS-SUS-12-004",
      YEAR        = "2012"
}
@ARTICLE{CMS-PAS-SUS-12-003,
      COLLABORATION = {CMS},
      TITLE       = "Search for supersymmetry in events with b-quark jets and missing transverse energy in pp collisions at 7~{TeV}",
      AUTHOR      = "{CMS Collaboration}",
      URL         = "http://cdsweb.cern.ch/record/1459810",
      JOURNAL     = "CMS Physics Analysis Summary",
      VOLUME      =  "CMS-PAS-SUS-12-003",
      YEAR        = "2012"
}
@ARTICLE{CMS-PAS-SUS-12-002,
      COLLABORATION = "CMS",
      TITLE       = "Search for Supersymmetry in hadronic final states using {$M_{T2}$} with the {CMS} detector at $\sqrt{s}$ = 7 {TeV}",
      AUTHOR      = "{CMS Collaboration}",
      URL         = "http://cdsweb.cern.ch/record/1444892",
      JOURNAL     = "CMS Physics Analysis Summary",
      VOLUME      =  "CMS-PAS-SUS-12-002",
      YEAR        = "2012"
}
@ARTICLE{CMS-PAS-SUS-12-001,
      COLLABORATION = "CMS",
      TITLE       = "Search for Supersymmetry in Events with Photons and Missing Transverse Energy",
      AUTHOR      = "{CMS Collaboration}",
      URL         = "http://cdsweb.cern.ch/record/1436111",
      JOURNAL     = "CMS Physics Analysis Summary",
      VOLUME      =  "CMS-PAS-SUS-12-001",
      YEAR        = "2012"
}
@ARTICLE{CMS-PAS-SMP-12-009,
      COLLABORATION = "CMS",
      TITLE       = "Observation of {$\mathrm{Z} \to 4\ell$} production in pp collisions at $\sqrt{s}=$7~{TeV}",
      AUTHOR      = "{CMS Collaboration}",
      URL         = "http://cdsweb.cern.ch/record/1431862",
      JOURNAL     = "CMS Physics Analysis Summary",
      VOLUME      =  "CMS-PAS-SMP-12-009",
      YEAR        = "2012"
}
@ARTICLE{CMS-PAS-SMP-12-008,
      COLLABORATION = "CMS",
      TITLE       = "Absolute Calibration of the Luminosity Measurement at {CMS}: {W}inter 2012 Update",
      AUTHOR      = "{CMS Collaboration}",
      URL         = "http://cdsweb.cern.ch/record/1434360",
      JOURNAL     = "CMS Physics Analysis Summary",
      VOLUME      =  "CMS-PAS-SMP-12-008",
      YEAR        = "2012"
}
@ARTICLE{CMS-PAS-SMP-12-005,
      COLLABORATION = "CMS",
      TITLE       = "Measurement of {WW} production rate in pp collisions at $\sqrt s$ = 7 {TeV}",
      AUTHOR      = "{CMS Collaboration}",
      URL         = "http://cdsweb.cern.ch/record/1440234",
      JOURNAL     = "CMS Physics Analysis Summary",
      VOLUME      =  "CMS-PAS-SMP-12-005",
      YEAR        = "2012"
}
@ARTICLE{CMS-PAS-SMP-12-003,
      COLLABORATION = "CMS",
      TITLE       = "Measurement of the {Z}$/\gamma^*$+bb-jets cross section in pp collisions at $\sqrt{s} = 7$ {TeV} with the {CMS} detector",
      AUTHOR      = "{CMS Collaboration}",
      URL         = "http://cdsweb.cern.ch/record/1428117",
      JOURNAL     = "CMS Physics Analysis Summary",
      VOLUME      =  "CMS-PAS-SMP-12-003",
      YEAR        = "2012"
}
@ARTICLE{CMS-PAS-SMP-12-001,
      COLLABORATION = "CMS",
      TITLE       = "Measurement of the Electron Charge Asymmetry in Inclusive {W} Production in pp Collisions at $\sqrt{s} = 7$ {TeV}",
      AUTHOR      = "{CMS Collaboration}",
      URL         = "http://cdsweb.cern.ch/record/1429932",
      JOURNAL     = "CMS Physics Analysis Summary",
      VOLUME      =  "CMS-PAS-SMP-12-001",
      YEAR        = "2012"
}
@ARTICLE{CMS-PAS-HIG-12-014,
      COLLABORATION = {CMS},
      TITLE       = "{VH} with  {H$\to$WW$\to$lnln} and  {V$\to$jj}",
      AUTHOR      = "{CMS Collaboration}",
      URL         = "http://cdsweb.cern.ch/record/1455252",
      JOURNAL     = "CMS Physics Analysis Summary",
      VOLUME      =  "CMS-PAS-HIG-12-014",
      YEAR        = "2012"
}
@ARTICLE{CMS-PAS-HIG-12-011,
      COLLABORATION = {CMS},
      TITLE       = "Search for Neutral MSSM Higgs Bosons in the $\mu^+\mu^-$ final state with the CMS experiment in pp Collisions at {$\sqrt{s}=7$ TeV}",
      AUTHOR      = "{CMS Collaboration}",
      URL         = "http://cdsweb.cern.ch/record/1453716",
      JOURNAL     = "CMS Physics Analysis Summary",
      VOLUME      =  "CMS-PAS-HIG-12-011",
      YEAR        = "2012"
}
@ARTICLE{CMS-PAS-HIG-12-008,
      COLLABORATION = "CMS",
      TITLE       = "Combined results of searches for a {H}iggs boson in the context of the standard model and beyond-standard models",
      AUTHOR      = "{CMS Collaboration}",
      URL         = "http://cdsweb.cern.ch/record/1429928",
      JOURNAL     = "CMS Physics Analysis Summary",
      VOLUME      =  "CMS-PAS-HIG-12-008",
      YEAR        = "2012"
}
@ARTICLE{CMS-PAS-HIG-12-007,
      COLLABORATION = "CMS",
      TITLE       = "Search for Neutral {H}iggs Bosons Decaying into Tau Leptons in the Di-Muon Channel in pp Collisions at 7 {TeV}",
      AUTHOR      = "{CMS Collaboration}",
      URL         = "http://cdsweb.cern.ch/record/1429929",
      JOURNAL     = "CMS Physics Analysis Summary",
      VOLUME      =  "CMS-PAS-HIG-12-007",
      YEAR        = "2012"
}
@ARTICLE{CMS-PAS-HIN-12-007,
      COLLABORATION = {CMS},
      TITLE       = "Measurement of the $\psi\text{(2S)}$ meson in {PbPb} collisions at $\sqrt{s_{NN}} = 2.76\,\text{TeV}$",
      AUTHOR      = "{CMS Collaboration}",
      URL         = "http://cdsweb.cern.ch/record/1455477",
      JOURNAL     = "CMS Physics Analysis Summary",
      VOLUME      =  "CMS-PAS-HIN-12-007",
      YEAR        = "2012"
}
@ARTICLE{CMS-PAS-HIG-12-006,
      COLLABORATION = "CMS",
      TITLE       = "Search for the standard model {H}iggs boson in  associated {WH} production in the $e\mu\tau$ and $\mu\mu\tau$ final states",
      AUTHOR      = "{CMS Collaboration}",
      URL         = "http://cdsweb.cern.ch/record/1429930",
      JOURNAL     = "CMS Physics Analysis Summary",
      VOLUME      =  "CMS-PAS-HIG-12-006",
      YEAR        = "2012"
}
@ARTICLE{CMS-PAS-HIG-12-005,
      COLLABORATION = "CMS",
      TITLE       = "Inclusive search for a doubly charged {H}iggs boson in leptonic final states with {CMS} at $\sqrt{s}$=7 {TeV}",
      AUTHOR      = "{CMS Collaboration}",
      URL         = "http://cdsweb.cern.ch/record/1430020",
      JOURNAL     = "CMS Physics Analysis Summary",
      VOLUME      =  "CMS-PAS-HIG-12-005",
      YEAR        = "2012"
}
@ARTICLE{CMS-PAS-HIG-12-004,
      COLLABORATION = "CMS",
      TITLE       = "Search for a light pseudoscalar {H}iggs boson in the dimuon channel",
      AUTHOR      = "{CMS Collaboration}",
      URL         = "http://cdsweb.cern.ch/record/1430019",
      JOURNAL     = "CMS Physics Analysis Summary",
      VOLUME      =  "CMS-PAS-HIG-12-004",
      YEAR        = "2012"
}
@ARTICLE{CMS-PAS-HIG-12-003,
      COLLABORATION = {CMS},
      TITLE       = "{Search for the Standard Model Higgs boson   in the H $\to$ WW $\to\ell{}\nu{}jj$ decay channel}",
      AUTHOR      = "{CMS Collaboration}",
      URL         = "http://cdsweb.cern.ch/record/1449158",
      JOURNAL     = "CMS Physics Analysis Summary",
      VOLUME      =  "CMS-PAS-HIG-12-003",
      YEAR        = "2012"
}
@ARTICLE{CMS-PAS-HIG-12-002,
      COLLABORATION = "CMS",
      TITLE       = "Search for the fermiophobic model {H}iggs boson decaying into two photons",
      AUTHOR      = "{CMS Collaboration}",
      URL         = "http://cdsweb.cern.ch/record/1430018",
      JOURNAL     = "CMS Physics Analysis Summary",
      VOLUME      =  "CMS-PAS-HIG-12-002",
      YEAR        = "2012"
}
@ARTICLE{CMS-PAS-HIG-12-001,
      COLLABORATION = "CMS",
      TITLE       = "A search using multivariate techniques for a standard model {H}iggs boson decaying into two photons",
      AUTHOR      = "{CMS Collaboration}",
      URL         = "http://cdsweb.cern.ch/record/1429931",
      JOURNAL     = "CMS Physics Analysis Summary",
      VOLUME      =  "CMS-PAS-HIG-12-001",
      YEAR        = "2012"
}
@ARTICLE{CMS-PAS-FSQ-12-014,
      COLLABORATION = "CMS",
      TITLE       = "Spectra of charged pions, kaons, protons in {\Pp\Pp} collisions at $\sqrt{s} =$ 0.9, 2.76 and 7 {TeV} identified via tracker energy loss",
      AUTHOR      = "{CMS Collaboration}",
      URL         = "http://cdsweb.cern.ch/record/1434724",
      JOURNAL     = "CMS Physics Analysis Summary",
      VOLUME      =  "CMS-PAS-FSQ-12-014",
      YEAR        = "2012"
}
@ARTICLE{CMS-PAS-EXO-12-001,
      COLLABORATION = "CMS",
      TITLE       = "Search for{W'} to tb with lepton+jets",
      AUTHOR      = "{CMS Collaboration}",
      URL         = "http://cdsweb.cern.ch/record/1440888",
      JOURNAL     = "CMS Physics Analysis Summary",
      VOLUME      =  "CMS-PAS-EXO-12-001",
      YEAR        = "2012"
}
@ARTICLE{CMS-PAS-BPH-12-009,
      COLLABORATION = {CMS},
      TITLE       = "{Search for the rare decays $B^0_{(s)}\to\mu^+\mu^-$ at the LHC with the ATLAS, CMS and LHCb experiments}",
      AUTHOR      = "{CMS Collaboration}",
      URL         = "http://cdsweb.cern.ch/record/1456504",
      JOURNAL     = "CMS Physics Analysis Summary",
      VOLUME      =  "CMS-PAS-BPH-12-009",
      YEAR        = "2012"
}
@ARTICLE{CMS-PAS-TOP-11-031,
      COLLABORATION = "CMS",
      TITLE       = "Constraints on the Top-Quark Charge from Top-Pair Events",
      AUTHOR      = "{CMS Collaboration}",
      URL         = "http://cdsweb.cern.ch/record/1429970",
      JOURNAL     = "CMS Physics Analysis Summary",
      VOLUME      =  "CMS-PAS-TOP-11-031",
      YEAR        = "2011"
}
@ARTICLE{CMS-PAS-TOP-11-030,
      COLLABORATION = "CMS",
      TITLE       = "Differential measurements of the charge asymmetry in top quark pair prodcution",
      AUTHOR      = "{CMS Collaboration}",
      URL         = "http://cdsweb.cern.ch/record/1428152",
      JOURNAL     = "CMS Physics Analysis Summary",
      VOLUME      =  "CMS-PAS-TOP-11-030",
      YEAR        = "2011"
}
@ARTICLE{CMS-PAS-TOP-11-029,
      COLLABORATION = "CMS",
      TITLE       = "Probing the heavy flavor content of the \ttbar dilepton channel in proton-proton collisions at $\sqrt{s}=7$~{TeV}",
      AUTHOR      = "{CMS Collaboration}",
      URL         = "http://cdsweb.cern.ch/record/1429972",
      JOURNAL     = "CMS Physics Analysis Summary",
      VOLUME      =  "CMS-PAS-TOP-11-029",
      YEAR        = "2011"
}
@ARTICLE{CMS-PAS-TOP-11-028,
      COLLABORATION = "CMS",
      TITLE       = "Search for  Flavor Changing Neutral Currents in  Top Quark  Decays in pp Collisions at $\sqrt{s}=7$\,{TeV}",
      AUTHOR      = "{CMS Collaboration}",
      URL         = "http://cdsweb.cern.ch/record/1429971",
      JOURNAL     = "CMS Physics Analysis Summary",
      VOLUME      =  "CMS-PAS-TOP-11-028",
      YEAR        = "2011"
}
@ARTICLE{CMS-PAS-TOP-11-024,
      COLLABORATION = "CMS",
      TITLE       = "Combination of top quark pair production cross section measurements",
      AUTHOR      = "{CMS Collaboration}",
      URL         = "http://cdsweb.cern.ch/record/1401250",
      JOURNAL     = "CMS Physics Analysis Summary",
      VOLUME      =  "CMS-PAS-TOP-11-024",
      YEAR        = "2011"
}
@ARTICLE{CMS-PAS-TOP-11-022,
      COLLABORATION = "CMS",
      TITLE       = "Search for single top tW associated production in the dilepton decay channel in pp collisions at $\sqrt{s}$=7 {TeV}",
      AUTHOR      = "{CMS Collaboration}",
      URL         = "http://cdsweb.cern.ch/record/1385552",
      JOURNAL     = "CMS Physics Analysis Summary",
      VOLUME      =  "CMS-PAS-TOP-11-022",
      YEAR        = "2011"
}
@ARTICLE{CMS-PAS-TOP-11-021,
      COLLABORATION = "CMS",
      TITLE       = "Measurement of the single top $t$-channel cross section in pp collisions at $\sqrt{s}=7$~{TeV} using 2011 data",
      AUTHOR      = "{CMS Collaboration}",
      URL         = "http://cdsweb.cern.ch/record/1430743",
      JOURNAL     = "CMS Physics Analysis Summary",
      VOLUME      =  "CMS-PAS-TOP-11-021",
      YEAR        = "2011"
}
@ARTICLE{CMS-PAS-TOP-11-020,
      COLLABORATION = "CMS",
      TITLE       = "Measurement of the {W} boson polarization in semileptonic top pair decays with the {CMS} detector at the {LHC}",
      AUTHOR      = "{CMS Collaboration}",
      URL         = "http://cdsweb.cern.ch/record/1423370",
      JOURNAL     = "CMS Physics Analysis Summary",
      VOLUME      =  "CMS-PAS-TOP-11-020",
      YEAR        = "2011"
}
@ARTICLE{CMS-PAS-TOP-11-019,
      COLLABORATION = "CMS",
      TITLE       = "Measurement of the mass difference between top and antitop quarks",
      AUTHOR      = "{CMS Collaboration}",
      URL         = "http://cdsweb.cern.ch/record/1376668",
      JOURNAL     = "CMS Physics Analysis Summary",
      VOLUME      =  "CMS-PAS-TOP-11-019",
      YEAR        = "2011"
}
@ARTICLE{CMS-PAS-TOP-11-016,
      COLLABORATION = "CMS",
      TITLE       = "Measurement of the top quark mass in the dilepton channel in pp collisions at $\sqrt{s}$=7~{TeV}",
      AUTHOR      = "{CMS Collaboration}",
      URL         = "http://cdsweb.cern.ch/record/1427240",
      JOURNAL     = "CMS Physics Analysis Summary",
      VOLUME      =  "CMS-PAS-TOP-11-016",
      YEAR        = "2011"
}
@ARTICLE{CMS-PAS-TOP-11-015,
      COLLABORATION = "CMS",
      TITLE       = "Measurement of the top quark mass in the muon+jets channel",
      AUTHOR      = "{CMS Collaboration}",
      URL         = "http://cdsweb.cern.ch/record/1427762",
      JOURNAL     = "CMS Physics Analysis Summary",
      VOLUME      =  "CMS-PAS-TOP-11-015",
      YEAR        = "2011"
}
@ARTICLE{CMS-PAS-TOP-11-014,
      COLLABORATION = "CMS",
      TITLE       = "Measurement of the Charge Asymmetry in Top Quark Pair Production",
      AUTHOR      = "{CMS Collaboration}",
      URL         = "http://cdsweb.cern.ch/record/1369205",
      JOURNAL     = "CMS Physics Analysis Summary",
      VOLUME      =  "CMS-PAS-TOP-11-014",
      YEAR        = "2011"
}
@ARTICLE{CMS-PAS-TOP-11-013,
      COLLABORATION = "CMS",
      TITLE       = "Measurement of Top Quark Pair Differential Cross Sections at {$\sqrt{s} = 7\TeV$}",
      AUTHOR      = "{CMS Collaboration}",
      URL         = "http://cdsweb.cern.ch/record/1422425",
      JOURNAL     = "CMS Physics Analysis Summary",
      VOLUME      =  "CMS-PAS-TOP-11-013",
      YEAR        = "2011"
}
@ARTICLE{CMS-PAS-TOP-11-010,
      COLLABORATION = "CMS",
      TITLE       = "Search for {Z'} resonances decaying to top-antitop pairs in fully leptonic final state in pp collisions at $\sqrt{s} = 7$ {TeV}",
      AUTHOR      = "{CMS Collaboration}",
      URL         = "http://cdsweb.cern.ch/record/1438739",
      JOURNAL     = "CMS Physics Analysis Summary",
      VOLUME      =  "CMS-PAS-TOP-11-010",
      YEAR        = "2011"
}
@ARTICLE{CMS-PAS-TOP-11-009,
      COLLABORATION = "CMS",
      TITLE       = "A Search for Resonances in Semileptonic Top Pair Production at $\sqrt{s} = 7$~{TeV}",
      AUTHOR      = "{CMS Collaboration}",
      URL         = "http://cdsweb.cern.ch/record/1429634",
      JOURNAL     = "CMS Physics Analysis Summary",
      VOLUME      =  "CMS-PAS-TOP-11-009",
      YEAR        = "2011"
}
@ARTICLE{CMS-PAS-TOP-11-008,
      COLLABORATION = "CMS",
      TITLE       = "Top pair cross section combination and the determination of the top quark mass",
      AUTHOR      = "{CMS Collaboration}",
      URL         = "http://cdsweb.cern.ch/record/1387001",
      JOURNAL     = "CMS Physics Analysis Summary",
      VOLUME      =  "CMS-PAS-TOP-11-008",
      YEAR        = "2011"
}
@ARTICLE{CMS-PAS-TOP-11-007,
      COLLABORATION = "CMS",
      TITLE       = "Measurement of the ttbar production cross section in the fully hadronic decay channel in pp collisions at 7 {TeV}",
      AUTHOR      = "{CMS Collaboration}",
      URL         = "http://cdsweb.cern.ch/record/1371755",
      JOURNAL     = "CMS Physics Analysis Summary",
      VOLUME      =  "CMS-PAS-TOP-11-007",
      YEAR        = "2011"
}
@ARTICLE{CMS-PAS-TOP-11-006,
      COLLABORATION = "CMS",
      TITLE       = "First measurement of the $t\bar t$ production cross section in the dilepton channel with tau leptons in the final state in pp collisions at $\sqrt{s}$=7~{TeV}",
      AUTHOR      = "{CMS Collaboration}",
      URL         = "http://cdsweb.cern.ch/record/1371010",
      JOURNAL     = "CMS Physics Analysis Summary",
      VOLUME      =  "CMS-PAS-TOP-11-006",
      YEAR        = "2011"
}
@ARTICLE{CMS-PAS-TOP-11-005,
      COLLABORATION = "CMS",
      TITLE       = "Measurement of the top dilepton cross section using b-tagging at $\sqrt{s}$ = 7 {TeV} with 882 pb$^{-1}$ in pp collisions",
      AUTHOR      = "{CMS Collaboration}",
      URL         = "http://cdsweb.cern.ch/record/1377323",
      JOURNAL     = "CMS Physics Analysis Summary",
      VOLUME      =  "CMS-PAS-TOP-11-005",
      YEAR        = "2011"
}
@ARTICLE{CMS-PAS-TOP-11-004,
      COLLABORATION = "CMS",
      TITLE       = "Measurement of the \ttbar production cross section in the tau+jets channel in pp collisions at {$\sqrt{s}=7\TeV$}",
      AUTHOR      = "{CMS Collaboration}",
      URL         = "http://cdsweb.cern.ch/record/1446652",
      JOURNAL     = "CMS Physics Analysis Summary",
      VOLUME      =  "CMS-PAS-TOP-11-004",
      YEAR        = "2011"
}
@ARTICLE{CMS-PAS-TOP-11-003,
      COLLABORATION = "CMS",
      TITLE       = "Top pair cross section in e/mu+jets",
      AUTHOR      = "{CMS Collaboration}",
      URL         = "http://cdsweb.cern.ch/record/1386709",
      JOURNAL     = "CMS Physics Analysis Summary",
      VOLUME      =  "CMS-PAS-TOP-11-003",
      YEAR        = "2011"
}
@ARTICLE{CMS-PAS-TOP-11-001,
      COLLABORATION = "CMS",
      TITLE       = "Combination of top pair production cross sections in $pp$ collisions at $\sqrt{s}=7$ {TeV} and comparisons with theory",
      AUTHOR      = "{CMS Collaboration}",
      URL         = "http://cdsweb.cern.ch/record/1336491",
      JOURNAL     = "CMS Physics Analysis Summary",
      VOLUME      =  "CMS-PAS-TOP-11-001",
      YEAR        = "2011"
}
@ARTICLE{CMS-PAS-TAU-11-001,
      COLLABORATION = "CMS",
      TITLE       = "Performance of tau reconstruction algorithms in 2010 data collected with {CMS}",
      AUTHOR      = "{CMS Collaboration}",
      URL         = "http://cdsweb.cern.ch/record/1337004",
      JOURNAL     = "CMS Physics Analysis Summary",
      VOLUME      =  "CMS-PAS-TAU-11-001",
      YEAR        = "2011"
}
@ARTICLE{CMS-PAS-SUS-11-028,
      COLLABORATION = "CMS",
      TITLE       = "Search for Supersymmetry in Final States with a Single Lepton, B-jets, and Missing Transverse Energy in Proton-Proton Collisions at $\sqrt{s}=7$~{TeV}",
      AUTHOR      = "{CMS Collaboration}",
      URL         = "http://cdsweb.cern.ch/record/1445894",
      JOURNAL     = "CMS Physics Analysis Summary",
      VOLUME      =  "CMS-PAS-SUS-11-028",
      YEAR        = "2011"
}
@ARTICLE{CMS-PAS-SUS-11-027,
      COLLABORATION = {CMS},
      TITLE       = "Search for supersymmetry in events with a single lepton and jets using templates",
      AUTHOR      = "{CMS Collaboration}",
      URL         = "http://cdsweb.cern.ch/record/1449810",
      JOURNAL     = "CMS Physics Analysis Summary",
      VOLUME      =  "CMS-PAS-SUS-11-027",
      YEAR        = "2011"
}
@ARTICLE{CMS-PAS-SUS-11-026,
      COLLABORATION = "CMS",
      TITLE       = "Search for supersymmetry in events with a single lepton, jets, and missing transverse momentum using a neural network",
      AUTHOR      = "{CMS Collaboration}",
      URL         = "http://cdsweb.cern.ch/record/1443866",
      JOURNAL     = "CMS Physics Analysis Summary",
      VOLUME      =  "CMS-PAS-SUS-11-026",
      YEAR        = "2011"
}
@ARTICLE{CMS-PAS-SUS-11-024,
      COLLABORATION = {CMS},
      TITLE       = "Search for supersymmetry in final states with b-jets using the razor variables",
      AUTHOR      = "{CMS Collaboration}",
      URL         = "http://cdsweb.cern.ch/record/1459813",
      JOURNAL     = "CMS Physics Analysis Summary",
      VOLUME      =  "CMS-PAS-SUS-11-024",
      YEAR        = "2011"
}
@ARTICLE{CMS-PAS-SUS-11-020,
      COLLABORATION = "CMS",
      TITLE       = "Search for new physics in events with same-sign dileptons, b-tagged jets and missing energy",
      AUTHOR      = "{CMS Collaboration}",
      URL         = "http://cdsweb.cern.ch/record/1434376",
      JOURNAL     = "CMS Physics Analysis Summary",
      VOLUME      =  "CMS-PAS-SUS-11-020",
      YEAR        = "2011"
}
@ARTICLE{CMS-PAS-SUS-11-019,
      COLLABORATION = "CMS",
      TITLE       = "Search for Physics Beyond the Standard Model in {$Z + \text{Jets} + \MET$} events at the {LHC}",
      AUTHOR      = "{CMS Collaboration}",
      URL         = "http://cdsweb.cern.ch/record/1401919",
      JOURNAL     = "CMS Physics Analysis Summary",
      VOLUME      =  "CMS-PAS-SUS-11-019",
      YEAR        = "2011"
}
@ARTICLE{CMS-PAS-SUS-11-018,
      COLLABORATION = "CMS",
      TITLE       = "Search for supersymmetry in events with opposite-sign dileptons and missing energy using an {ANN}",
      AUTHOR      = "{CMS Collaboration}",
      URL         = "http://cdsweb.cern.ch/record/1430728",
      JOURNAL     = "CMS Physics Analysis Summary",
      VOLUME      =  "CMS-PAS-SUS-11-018",
      YEAR        = "2011"
}
@ARTICLE{CMS-PAS-SUS-11-017,
      COLLABORATION = "CMS",
      TITLE       = "Search for New Physics in Events with a {Z} Boson and Missing Transverse Energy",
      AUTHOR      = "{CMS Collaboration}",
      URL         = "http://cdsweb.cern.ch/record/1370066",
      JOURNAL     = "CMS Physics Analysis Summary",
      VOLUME      =  "CMS-PAS-SUS-11-017",
      YEAR        = "2011"
}
@ARTICLE{CMS-PAS-SUS-11-016,
      COLLABORATION = "CMS",
      TITLE       = "Interpretation of Searches for Supersymmetry with Simplified Models",
      AUTHOR      = "{CMS Collaboration}",
      URL         = "http://cdsweb.cern.ch/record/1445580",
      JOURNAL     = "CMS Physics Analysis Summary",
      VOLUME      =  "CMS-PAS-SUS-11-016",
      YEAR        = "2011"
}
@ARTICLE{CMS-PAS-SUS-11-015,
      COLLABORATION = "CMS",
      TITLE       = "Search for new physics with single-leptons at the {LHC}",
      AUTHOR      = "{CMS Collaboration}",
      URL         = "http://cdsweb.cern.ch/record/1380922",
      JOURNAL     = "CMS Physics Analysis Summary",
      VOLUME      =  "CMS-PAS-SUS-11-015",
      YEAR        = "2011"
}
@ARTICLE{CMS-PAS-SUS-11-013,
      COLLABORATION = "CMS",
      TITLE       = "Searches for Supersymmetry using Multilepton Signatures in pp Collisions at {7\TeV}",
      AUTHOR      = "{CMS Collaboration}",
      URL         = "http://cdsweb.cern.ch/record/1393719",
      JOURNAL     = "CMS Physics Analysis Summary",
      VOLUME      =  "CMS-PAS-SUS-11-013",
      YEAR        = "2011"
}
@ARTICLE{CMS-PAS-SUS-11-012,
      COLLABORATION = "CMS",
      TITLE       = "Search for Physics Beyond the Standard Model in ${Z} + \text{jets} + {\MET}$ events at the {LHC}",
      AUTHOR      = "{CMS Collaboration}",
      URL         = "http://cdsweb.cern.ch/record/1356592",
      JOURNAL     = "CMS Physics Analysis Summary",
      VOLUME      =  "CMS-PAS-SUS-11-012",
      YEAR        = "2011"
}
@ARTICLE{CMS-PAS-SUS-11-011,
      COLLABORATION = "CMS",
      TITLE       = "Search for new physics in events with opposite-sign dileptons and missing transverse energy",
      AUTHOR      = "{CMS Collaboration}",
      URL         = "http://cdsweb.cern.ch/record/1370065",
      JOURNAL     = "CMS Physics Analysis Summary",
      VOLUME      =  "CMS-PAS-SUS-11-011",
      YEAR        = "2011"
}
@ARTICLE{CMS-PAS-SUS-11-010,
      COLLABORATION = "CMS",
      TITLE       = "Search for new physics with same-sign isolated dilepton events with jets and missing energy",
      AUTHOR      = "{CMS Collaboration}",
      URL         = "http://cdsweb.cern.ch/record/1370064",
      JOURNAL     = "CMS Physics Analysis Summary",
      VOLUME      =  "CMS-PAS-SUS-11-010",
      YEAR        = "2011"
}
@ARTICLE{CMS-PAS-SUS-11-009,
      COLLABORATION = "CMS",
      TITLE       = "Search for Supersymmetry in Events with Photons, Jets and Missing Energy",
      AUTHOR      = "{CMS Collaboration}",
      URL         = "http://cdsweb.cern.ch/record/1377324",
      JOURNAL     = "CMS Physics Analysis Summary",
      VOLUME      =  "CMS-PAS-SUS-11-009",
      YEAR        = "2011"
}
@ARTICLE{CMS-PAS-SUS-11-008,
      COLLABORATION = "CMS",
      TITLE       = "Search for supersymmetry with the razor variables",
      AUTHOR      = "{CMS Collaboration}",
      URL         = "http://cdsweb.cern.ch/record/1404167",
      JOURNAL     = "CMS Physics Analysis Summary",
      VOLUME      =  "CMS-PAS-SUS-11-008",
      YEAR        = "2011"
}
@ARTICLE{CMS-PAS-SUS-11-007,
      COLLABORATION = "CMS",
      TITLE       = "Search for Physics Beyond the Standard Model in Events with Opposite-sign Tau Pairs and Missing Energy",
      AUTHOR      = "{CMS Collaboration}",
      URL         = "http://cdsweb.cern.ch/record/1401920",
      JOURNAL     = "CMS Physics Analysis Summary",
      VOLUME      =  "CMS-PAS-SUS-11-007",
      YEAR        = "2011"
}
@ARTICLE{CMS-PAS-SUS-11-006,
      COLLABORATION = "CMS",
      TITLE       = "Search for New Physics in Events with b-quark Jets and Missing Transverse
Energy in Proton-Proton Collisions at 7~{TeV}",
      AUTHOR      = "{CMS Collaboration}",
      URL         = "http://cdsweb.cern.ch/record/1390493",
      JOURNAL     = "CMS Physics Analysis Summary",
      VOLUME      =  "CMS-PAS-SUS-11-006",
      YEAR        = "2011"
}
@ARTICLE{CMS-PAS-SUS-11-005,
      COLLABORATION = "CMS",
      TITLE       = "Search for supersymmetry in hadronic final states using {$M_{T2}$} in 7 {TeV} pp collisions at the {LHC}",
      AUTHOR      = "{CMS Collaboration}",
      URL         = "http://cdsweb.cern.ch/record/1377032",
      JOURNAL     = "CMS Physics Analysis Summary",
      VOLUME      =  "CMS-PAS-SUS-11-005",
      YEAR        = "2011"
}
@ARTICLE{CMS-PAS-SUS-11-004,
      COLLABORATION = "CMS",
      TITLE       = "Search for supersymmetry in all-hadronic events with missing energy",
      AUTHOR      = "{CMS Collaboration}",
      URL         = "http://cdsweb.cern.ch/record/1378478",
      JOURNAL     = "CMS Physics Analysis Summary",
      VOLUME      =  "CMS-PAS-SUS-11-004",
      YEAR        = "2011"
}
@ARTICLE{CMS-PAS-SUS-11-003,
      COLLABORATION = "CMS",
      TITLE       = "Search for supersymmetry in all-hadronic events with {$\alpha_{\rm T}$}",
      AUTHOR      = "{CMS Collaboration}",
      URL         = "http://cdsweb.cern.ch/record/1370596",
      JOURNAL     = "CMS Physics Analysis Summary",
      VOLUME      =  "CMS-PAS-SUS-11-003",
      YEAR        = "2011"
}
@ARTICLE{CMS-PAS-SUS-11-001,
      COLLABORATION = "CMS",
      TITLE       = "Search for a missing energy signature from New Physics in di-jet and multi-jet events",
      AUTHOR      = "{CMS Collaboration}",
      URL         = "http://cdsweb.cern.ch/record/1342547",
      JOURNAL     = "CMS Physics Analysis Summary",
      VOLUME      =  "CMS-PAS-SUS-11-001",
      YEAR        = "2011"
}
@ARTICLE{CMS-PAS-QCD-11-004,
      COLLABORATION = "CMS",
      TITLE       = "Measurement of Differential Jet Cross Sections at {$\sqrt{s}=7\TeV$} with the {CMS} Detector",
      AUTHOR      = "{CMS Collaboration}",
      URL         = "http://cdsweb.cern.ch/record/1431022",
      JOURNAL     = "CMS Physics Analysis Summary",
      VOLUME      =  "CMS-PAS-QCD-11-004",
      YEAR        = "2011"
}
@ARTICLE{CMS-PAS-QCD-11-002,
      COLLABORATION = "CMS",
      TITLE       = "Measurement of the inelastic $pp$ cross section at {$\sqrt{s}$ = 7 TeV}",
      AUTHOR      = "{CMS Collaboration}",
      URL         = "http://cdsweb.cern.ch/record/1433413",
      JOURNAL     = "CMS Physics Analysis Summary",
      VOLUME      =  "CMS-PAS-QCD-11-002",
      YEAR        = "2011"
}
@ARTICLE{CMS-PAS-HIG-11-034,
      COLLABORATION = "CMS",
      TITLE       = "Study of associated {H}iggs boson ({WH}) Production in the three leptons final state at 7 {TeV}",
      AUTHOR      = "{CMS Collaboration}",
      URL         = "http://cdsweb.cern.ch/record/1429927",
      JOURNAL     = "CMS Physics Analysis Summary",
      VOLUME      =  "CMS-PAS-HIG-11-034",
      YEAR        = "2011"
}
@ARTICLE{CMS-PAS-HIG-11-032,
      COLLABORATION = "CMS",
      TITLE       = "Combination of CMS searches for   a Standard Model {H}iggs boson",
      AUTHOR      = "{CMS Collaboration}",
      URL         = "http://cdsweb.cern.ch/record/1406347",
      JOURNAL     = "CMS Physics Analysis Summary",
      VOLUME      =  "CMS-PAS-HIG-11-032",
      YEAR        = "2011"
}
@ARTICLE{CMS-PAS-HIG-11-031,
      COLLABORATION = "CMS",
      TITLE       = "Search for the Standard Model {H}iggs Boson decaying to Bottom Quarks",
      AUTHOR      = "{CMS Collaboration}",
      URL         = "http://cdsweb.cern.ch/record/1406349",
      JOURNAL     = "CMS Physics Analysis Summary",
      VOLUME      =  "CMS-PAS-HIG-11-031",
      YEAR        = "2011"
}
@ARTICLE{CMS-PAS-HIG-11-030,
      COLLABORATION = "CMS",
      TITLE       = "Search for a {H}iggs boson decaying into two photons in the {CMS} detector",
      AUTHOR      = "{CMS Collaboration}",
      URL         = "http://cdsweb.cern.ch/record/1406346",
      JOURNAL     = "CMS Physics Analysis Summary",
      VOLUME      =  "CMS-PAS-HIG-11-030",
      YEAR        = "2011"
}
@ARTICLE{CMS-PAS-HIG-11-029,
      COLLABORATION = "CMS",
      TITLE       = "Search for Neutral {H}iggs Bosons Decaying to Tau Pairs in {$\Pp\Pp$} Collisions at $\sqrt{s}=7$ {TeV}",
      AUTHOR      = "{CMS Collaboration}",
      URL         = "http://cdsweb.cern.ch/record/1406353",
      JOURNAL     = "CMS Physics Analysis Summary",
      VOLUME      =  "CMS-PAS-HIG-11-029",
      YEAR        = "2011"
}
@ARTICLE{CMS-PAS-HIG-11-028,
      COLLABORATION = "CMS",
      TITLE       = "Search for a standard model {H}iggs boson produced in the {$H \rightarrow \PZ\PZ \rightarrow l^+l^-\tau^+\tau^-$} decay channel
with the {CMS} detector at $\sqrt{s}=7$ {TeV}",
      AUTHOR      = "{CMS Collaboration}",
      URL         = "http://cdsweb.cern.ch/record/1406345",
      JOURNAL     = "CMS Physics Analysis Summary",
      VOLUME      =  "CMS-PAS-HIG-11-028",
      YEAR        = "2011"
}
@ARTICLE{CMS-PAS-HIG-11-027,
      COLLABORATION = "CMS",
      TITLE       = "Search for the standard model {H}iggs Boson in the   decay channel
{$\mathrm{H}\rightarrow\mathrm{ZZ^{(*)}}\rightarrow\mathrm{q\bar{q}}\ell^-\ell^+$} at {CMS}",
      AUTHOR      = "{CMS Collaboration}",
      URL         = "http://cdsweb.cern.ch/record/1406344",
      JOURNAL     = "CMS Physics Analysis Summary",
      VOLUME      =  "CMS-PAS-HIG-11-027",
      YEAR        = "2011"
}
@ARTICLE{CMS-PAS-HIG-11-026,
      COLLABORATION = "CMS",
      TITLE       = "Search for the {H}iggs boson in the {$H \rightarrow ZZ \rightarrow 2l2\nu$} channel in pp collisions at $\sqrt{s}=7$ {TeV}",
      AUTHOR      = "{CMS Collaboration}",
      URL         = "http://cdsweb.cern.ch/record/1406343",
      JOURNAL     = "CMS Physics Analysis Summary",
      VOLUME      =  "CMS-PAS-HIG-11-026",
      YEAR        = "2011"
}
@ARTICLE{CMS-PAS-HIG-11-025,
      COLLABORATION = "CMS",
      TITLE       = "Search for a Standard Model {H}iggs Boson in the Decay Channel {$H \rightarrow ZZ^{(*)} \rightarrow 4l$}",
      AUTHOR      = "{CMS Collaboration}",
      URL         = "http://cdsweb.cern.ch/record/1406342",
      JOURNAL     = "CMS Physics Analysis Summary",
      VOLUME      =  "CMS-PAS-HIG-11-025",
      YEAR        = "2011"
}
@ARTICLE{CMS-PAS-HIG-11-024,
      COLLABORATION = "CMS",
      TITLE       = "Search for the {H}iggs Boson Decaying to {$\ensuremath{\mathrm{W}}^{+}\ensuremath{\mathrm{W}}^{-}$} in the Fully Leptonic Final State",
      AUTHOR      = "{CMS Collaboration}",
      URL         = "http://cdsweb.cern.ch/record/1406341",
      JOURNAL     = "CMS Physics Analysis Summary",
      VOLUME      =  "CMS-PAS-HIG-11-024",
      YEAR        = "2011"
}
@ARTICLE{CMS-PAS-HIG-11-023,
      COLLABORATION = "CMS, ATLAS",
      TITLE       = "Combined Standard Model {H}iggs boson searches with up to 2.3 fb$^{-1}$ of pp collision data at $\sqrt(s)=7$ {TeV} at the {LHC}",
      AUTHOR      = "{CMS Collaboration}",
      URL         = "http://cdsweb.cern.ch/record/1399607",
      JOURNAL     = "CMS Physics Analysis Summary",
      VOLUME      =  "CMS-PAS-HIG-11-023",
      YEAR        = "2011"
}
@ARTICLE{CMS-PAS-HIG-11-022,
      COLLABORATION = "CMS",
      TITLE       = "Search for standard model {H}iggs boson in pp collisions at $\sqrt{s} = 7$ {TeV}
and integrated luminosity up to 1.7~fb$^{-1}$ ",
      AUTHOR      = "{CMS Collaboration}",
      URL         = "http://cdsweb.cern.ch/record/1376643",
      JOURNAL     = "CMS Physics Analysis Summary",
      VOLUME      =  "CMS-PAS-HIG-11-022",
      YEAR        = "2011"
}
@ARTICLE{CMS-PAS-HIG-11-021,
      COLLABORATION = "CMS",
      TITLE       = "Search for a Higgs boson decaying into two photons in the CMS detector",
      AUTHOR      = "{CMS Collaboration}",
      URL         = "http://cdsweb.cern.ch/record/1376642",
      JOURNAL     = "CMS Physics Analysis Summary",
      VOLUME      =  "CMS-PAS-HIG-11-021",
      YEAR        = "2011"
}
@ARTICLE{CMS-PAS-HIG-11-020,
      COLLABORATION = "CMS",
      TITLE       = "Search for Neutral {H}iggs Bosons Decaying to Tau Pairs in {$\Pp\Pp$} Collisions at $\sqrt{s}=7$ {TeV}",
      AUTHOR      = "{CMS Collaboration}",
      URL         = "http://cdsweb.cern.ch/record/1378096",
      JOURNAL     = "CMS Physics Analysis Summary",
      VOLUME      =  "CMS-PAS-HIG-11-020",
      YEAR        = "2011"
}
@ARTICLE{CMS-PAS-HIG-11-017,
      COLLABORATION = "CMS",
      TITLE       = "Search for the standard model {H}iggs Boson in the decay channel $\mathrm{H}\to\mathrm{ZZ}\to\ell^-\ell^+\mathrm{q\bar{q}}$ at {CMS}",
      AUTHOR      = "{CMS Collaboration}",
      URL         = "http://cdsweb.cern.ch/record/1376641",
      JOURNAL     = "CMS Physics Analysis Summary",
      VOLUME      =  "CMS-PAS-HIG-11-017",
      YEAR        = "2011"
}
@ARTICLE{CMS-PAS-HIG-11-016,
      COLLABORATION = "CMS",
      TITLE       = "Search for a Standard Model {H}iggs boson using the {$H \rightarrow ZZ \rightarrow 2l2\nu$} decay mode in pp-collisions at $\sqrt{s}=7$ {TeV}",
      AUTHOR      = "{CMS Collaboration}",
      URL         = "http://cdsweb.cern.ch/record/1376640",
      JOURNAL     = "CMS Physics Analysis Summary",
      VOLUME      =  "CMS-PAS-HIG-11-016",
      YEAR        = "2011"
}
@ARTICLE{CMS-PAS-HIG-11-015,
      COLLABORATION = "CMS",
      TITLE       = "Search for a Standard Model {H}iggs boson produced in the decay channel {$H \rightarrow ZZ^{(*)} \rightarrow 4l$}",
      AUTHOR      = "{CMS Collaboration}",
      URL         = "http://cdsweb.cern.ch/record/1376639",
      JOURNAL     = "CMS Physics Analysis Summary",
      VOLUME      =  "CMS-PAS-HIG-11-015",
      YEAR        = "2011"
}
@ARTICLE{CMS-PAS-HIG-11-014,
      COLLABORATION = "CMS",
      TITLE       = "Search for the {H}iggs Boson Decaying to {$W^{+}W^{-}$} in the Fully Leptonic Final State",
      AUTHOR      = "{CMS Collaboration}",
      URL         = "http://cdsweb.cern.ch/record/1376638",
      JOURNAL     = "CMS Physics Analysis Summary",
      VOLUME      =  "CMS-PAS-HIG-11-014",
      YEAR        = "2011"
}
@ARTICLE{CMS-PAS-HIG-11-013,
      COLLABORATION = "CMS",
      TITLE       = "Search for a Standard Model {H}iggs boson produced in the decay channel {$H \rightarrow ZZ \rightarrow 2l 2\tau$} with {CMS} detector at $\sqrt{s}=7$ {TeV}",
      AUTHOR      = "{CMS Collaboration}",
      URL         = "http://cdsweb.cern.ch/record/1376637",
      JOURNAL     = "CMS Physics Analysis Summary",
      VOLUME      =  "CMS-PAS-HIG-11-013",
      YEAR        = "2011"
}
@ARTICLE{CMS-PAS-HIG-11-012,
      COLLABORATION = "CMS",
      TITLE       = "Search for the Standard Model {H}iggs Boson Decaying to Bottom Quarks and Produced in Association with a {W} or a {Z} Boson",
      AUTHOR      = "{CMS Collaboration}",
      URL         = "http://cdsweb.cern.ch/record/1376636",
      JOURNAL     = "CMS Physics Analysis Summary",
      VOLUME      =  "CMS-PAS-HIG-11-012",
      YEAR        = "2011"
}
@ARTICLE{CMS-PAS-HIG-11-011,
      COLLABORATION = "CMS",
      TITLE       = "Search for standard model Higgs boson in pp collisions at $\sqrt{s} = 7$~{TeV}",
      AUTHOR      = "{CMS Collaboration}",
      URL         = "http://cdsweb.cern.ch/record/1370076",
      JOURNAL     = "CMS Physics Analysis Summary",
      VOLUME      =  "CMS-PAS-HIG-11-011",
      YEAR        = "2011"
}
@ARTICLE{CMS-PAS-HIG-11-010,
      COLLABORATION = "CMS",
      TITLE       = "Search for a {H}iggs boson decaying into two photons in the {CMS} detector",
      AUTHOR      = "{CMS Collaboration}",
      URL         = "http://cdsweb.cern.ch/record/1369553",
      JOURNAL     = "CMS Physics Analysis Summary",
      VOLUME      =  "CMS-PAS-HIG-11-010",
      YEAR        = "2011"
}
@ARTICLE{CMS-PAS-HIG-11-009,
      COLLABORATION = "CMS",
      TITLE       = "Search for Neutral {H}iggs Bosons Decaying to Tau Pairs in {$\Pp\Pp$} Collisions at $\sqrt{s}=7$ {TeV}",
      AUTHOR      = "{CMS Collaboration}",
      URL         = "http://cdsweb.cern.ch/record/1369552",
      JOURNAL     = "CMS Physics Analysis Summary",
      VOLUME      =  "CMS-PAS-HIG-11-009",
      YEAR        = "2011"
}
@ARTICLE{CMS-PAS-HIG-11-008,
      COLLABORATION = "CMS",
      TITLE       = "Search for the charged {H}iggs boson with $H^{+} \rightarrow \tau ^{+} \nu$ decay mode in top quark decays",
      AUTHOR      = "{CMS Collaboration}",
      URL         = "http://cdsweb.cern.ch/record/1370056",
      JOURNAL     = "CMS Physics Analysis Summary",
      VOLUME      =  "CMS-PAS-HIG-11-008",
      YEAR        = "2011"
}
@ARTICLE{CMS-PAS-HIG-11-007,
      COLLABORATION = "CMS",
      TITLE       = "Inclusive Search for Doubly Charged {H}iggs Bosons in Leptonic Final States at $\sqrt s$=7 {TeV}",
      AUTHOR      = "{CMS Collaboration}",
      URL         = "http://cdsweb.cern.ch/record/1369542",
      JOURNAL     = "CMS Physics Analysis Summary",
      VOLUME      =  "CMS-PAS-HIG-11-007",
      YEAR        = "2011"
}
@ARTICLE{CMS-PAS-HIG-11-006,
      COLLABORATION = "CMS",
      TITLE       = "Search for the standard model {H}iggs Boson in the   decay channel {$\mathrm{H}\to\mathrm{ZZ}\to\ell^-\ell^+\mathrm{q\bar{q}}$} at {CMS}",
      AUTHOR      = "{CMS Collaboration}",
      URL         = "http://cdsweb.cern.ch/record/1369551",
      JOURNAL     = "CMS Physics Analysis Summary",
      VOLUME      =  "CMS-PAS-HIG-11-006",
      YEAR        = "2011"
}
@ARTICLE{CMS-PAS-HIN-11-006,
      COLLABORATION = "CMS",
      TITLE       = "Centrality and multiplicity dependence of dihadron correlations in {PbPb} and pp collisions",
      AUTHOR      = "{CMS Collaboration}",
      URL         = "http://cdsweb.cern.ch/record/1353583",
      JOURNAL     = "CMS Physics Analysis Summary",
      VOLUME      =  "CMS-PAS-HIN-11-006",
      YEAR        = "2011"
}
@ARTICLE{CMS-PAS-HIG-11-005,
      COLLABORATION = "CMS",
      TITLE       = "Search for a Standard Model Higgs boson using the {$H \rightarrow ZZ \rightarrow 2l2\nu$} decay mode in pp-collisions at $\sqrt{s}=7$ {TeV}",
      AUTHOR      = "{CMS Collaboration}",
      URL         = "http://cdsweb.cern.ch/record/1369550",
      JOURNAL     = "CMS Physics Analysis Summary",
      VOLUME      =  "CMS-PAS-HIG-11-005",
      YEAR        = "2011"
}
@ARTICLE{CMS-PAS-HIN-11-005,
      COLLABORATION = "CMS",
      TITLE       = "Measurement of higher-order harmonic flow in {PbPb} collisions at {$\sqrt{s_{NN}}$} = 2.76 {TeV}",
      AUTHOR      = "{CMS Collaboration}",
      URL         = "http://cdsweb.cern.ch/record/1361385",
      JOURNAL     = "CMS Physics Analysis Summary",
      VOLUME      =  "CMS-PAS-HIN-11-005",
      YEAR        = "2011"
}
@ARTICLE{CMS-PAS-HIG-11-004,
      COLLABORATION = "CMS",
      TITLE       = "Search for a Standard Model {H}iggs boson produced in the decay channel {$H \rightarrow ZZ^{(*)} \rightarrow 4l$}",
      AUTHOR      = "{CMS Collaboration}",
      URL         = "http://cdsweb.cern.ch/record/1369822",
      JOURNAL     = "CMS Physics Analysis Summary",
      VOLUME      =  "CMS-PAS-HIG-11-004",
      YEAR        = "2011"
}
@ARTICLE{CMS-PAS-HIN-11-004,
      COLLABORATION = "CMS",
      TITLE       = "Measurement of the hard component of jet fragmentation functions in {PbPb} collisions at 2.76 {TeV}",
      AUTHOR      = "{CMS Collaboration}",
      URL         = "http://cdsweb.cern.ch/record/1354531",
      JOURNAL     = "CMS Physics Analysis Summary",
      VOLUME      =  "CMS-PAS-HIN-11-004",
      YEAR        = "2011"
}
@ARTICLE{CMS-PAS-HIG-11-003,
      COLLABORATION = "CMS",
      TITLE       = "Search for the {H}iggs Boson Decaying to {$W^{+}W^{-}$} in the Fully Leptonic Final State",
      AUTHOR      = "{CMS Collaboration}",
      URL         = "http://cdsweb.cern.ch/record/1369565",
      JOURNAL     = "CMS Physics Analysis Summary",
      VOLUME      =  "CMS-PAS-HIG-11-003",
      YEAR        = "2011"
}
@ARTICLE{CMS-PAS-HIN-11-003,
      COLLABORATION = "CMS",
      TITLE       = "Pseudorapidity and centrality dependence of energy flow in $\sqrt{s_{NN}}$~=~2.76~{TeV} {PbPb} collisions",
      AUTHOR      = "{CMS Collaboration}",
      URL         = "http://cdsweb.cern.ch/record/1354215",
      JOURNAL     = "CMS Physics Analysis Summary",
      VOLUME      =  "CMS-PAS-HIN-11-003",
      YEAR        = "2011"
}
@ARTICLE{CMS-PAS-HIG-11-002,
      COLLABORATION = "CMS",
      TITLE       = "Search for the charged {Higgs} boson in the $e\tau$ and $\mu\tau$ dilepton channels   of top quark pair decays   in pp collisions at $\sqrt{s}$=7 {TeV}",
      AUTHOR      = "{CMS Collaboration}",
      URL         = "http://cdsweb.cern.ch/record/1336784",
      JOURNAL     = "CMS Physics Analysis Summary",
      VOLUME      =  "CMS-PAS-HIG-11-002",
      YEAR        = "2011"
}
@ARTICLE{CMS-PAS-HIN-11-002,
      COLLABORATION = "CMS",
      TITLE       = "Isolated photon production in $\sqrt{s_{NN}}$ = 2.76 TeV PbPb collisions as a function of transverse energy and reaction centrality",
      AUTHOR      = "{CMS Collaboration}",
      URL         = "http://cdsweb.cern.ch/record/1352779",
      JOURNAL     = "CMS Physics Analysis Summary",
      VOLUME      =  "CMS-PAS-HIN-11-002",
      YEAR        = "2011"
}
@ARTICLE{CMS-PAS-HIG-11-001,
      COLLABORATION = "CMS",
      TITLE       = "Inclusive search for {$\Phi^{++}$} in leptonic final states at $\sqrt s$=7 {TeV}",
      AUTHOR      = "{CMS Collaboration}",
      URL         = "http://cdsweb.cern.ch/record/1335713",
      JOURNAL     = "CMS Physics Analysis Summary",
      VOLUME      =  "CMS-PAS-HIG-11-001",
      YEAR        = "2011"
}
@ARTICLE{CMS-PAS-FWD-11-004,
      COLLABORATION = "CMS",
      TITLE       = "Search for central exclusive $\gamma\gamma$ production and observation of central exclusive $\text{e}^+\text{e}^-$ production in pp collisions at $\sqrt{s}=7$ {TeV}",
      AUTHOR      = "{CMS Collaboration}",
      URL         = "http://cdsweb.cern.ch/record/1427001",
      JOURNAL     = "CMS Physics Analysis Summary",
      VOLUME      =  "CMS-PAS-FWD-11-004",
      YEAR        = "2011"
}
@ARTICLE{CMS-PAS-FWD-11-003,
      COLLABORATION = "CMS",
      TITLE       = "Study of the Underlying Event at Forward Rapidity in Proton-Proton Collisions at the {LHC}",
      AUTHOR      = "{CMS Collaboration}",
      URL         = "http://cdsweb.cern.ch/record/1434458",
      JOURNAL     = "CMS Physics Analysis Summary",
      VOLUME      =  "CMS-PAS-FWD-11-003",
      YEAR        = "2011"
}
@ARTICLE{CMS-PAS-FWD-11-001,
      COLLABORATION = "CMS",
      TITLE       = "Measurement of the inelastic $pp$ cross section at $\sqrt{s}$ = 7~{TeV} with the {CMS} detector",
      AUTHOR      = "{CMS Collaboration}",
      URL         = "http://cdsweb.cern.ch/record/1373466",
      JOURNAL     = "CMS Physics Analysis Summary",
      VOLUME      =  "CMS-PAS-FWD-11-001",
      YEAR        = "2011"
}
@ARTICLE{CMS-PAS-EXO-11-102,
      COLLABORATION = "CMS",
      TITLE       = "Search for a narrow spin-2 resonance decaying to Z vector bosons in the semileptonic final state",
      AUTHOR      = "{CMS Collaboration}",
      URL         = "http://cdsweb.cern.ch/record/1447752",
      JOURNAL     = "CMS Physics Analysis Summary",
      VOLUME      =  "CMS-PAS-EXO-11-102",
      YEAR        = "2011"
}
@ARTICLE{CMS-PAS-EXO-11-101,
      COLLABORATION = {CMS},
      TITLE       = "Search in the displaced lepton channel for heavy resonances decaying to long-lived neutral particles",
      AUTHOR      = "{CMS Collaboration}",
      URL         = "http://cdsweb.cern.ch/record/1456045",
      JOURNAL     = "CMS Physics Analysis Summary",
      VOLUME      =  "CMS-PAS-EXO-11-101",
      YEAR        = "2011"
}
@ARTICLE{CMS-PAS-EXO-11-099,
      COLLABORATION = "CMS",
      TITLE       = "Search for the pair production of a fourth-generation up-type t' quark in events with a lepton and at least four jets",
      AUTHOR      = "{CMS Collaboration}",
      URL         = "http://cdsweb.cern.ch/record/1428894",
      JOURNAL     = "CMS Physics Analysis Summary",
      VOLUME      =  "CMS-PAS-EXO-11-099",
      YEAR        = "2011"
}
@ARTICLE{CMS-PAS-EXO-11-098,
      COLLABORATION = {CMS},
      TITLE       = "Inclusive search for a sequential fourth generation of quarks.",
      AUTHOR      = "{CMS Collaboration}",
      URL         = "http://cdsweb.cern.ch/record/1458439",
      JOURNAL     = "CMS Physics Analysis Summary",
      VOLUME      =  "CMS-PAS-EXO-11-098",
      YEAR        = "2011"
}
@ARTICLE{CMS-PAS-EXO-11-095,
      COLLABORATION = {CMS},
      TITLE       = "Search for {qW/qZ/WW/WZ/ZZ}-Resonances in the {W/Z}-tagged Dijet Mass Spectrum from 7 {TeV} pp Collisions at {CMS}",
      AUTHOR      = "{CMS Collaboration}",
      URL         = "http://cdsweb.cern.ch/record/1458050",
      JOURNAL     = "CMS Physics Analysis Summary",
      VOLUME      =  "CMS-PAS-EXO-11-095",
      YEAR        = "2011"
}
@ARTICLE{CMS-PAS-EXO-11-093,
      COLLABORATION = {CMS},
      TITLE       = "Search for high-mass resonances decaying to $\rm t \bar{t}$ in the lepton+jets channel",
      AUTHOR      = "{CMS Collaboration}",
      URL         = "http://cdsweb.cern.ch/record/1454695",
      JOURNAL     = "CMS Physics Analysis Summary",
      VOLUME      =  "CMS-PAS-EXO-11-093",
      YEAR        = "2011"
}
@ARTICLE{CMS-PAS-EXO-11-092,
      COLLABORATION = "CMS",
      TITLE       = "Search for high-mass resonances decaying to $\ttbar$ in the electron+jets channel",
      AUTHOR      = "{CMS Collaboration}",
      URL         = "http://cdsweb.cern.ch/record/1423037",
      JOURNAL     = "CMS Physics Analysis Summary",
      VOLUME      =  "CMS-PAS-EXO-11-092",
      YEAR        = "2011"
}
@ARTICLE{CMS-PAS-EXO-11-081,
      COLLABORATION = "CMS",
      TITLE       = "Search for exotic resonances decaying into $V+Z$ using final states with a jet and a lepton pair",
      AUTHOR      = "{CMS Collaboration}",
      URL         = "http://cdsweb.cern.ch/record/1444879",
      JOURNAL     = "CMS Physics Analysis Summary",
      VOLUME      =  "CMS-PAS-EXO-11-081",
      YEAR        = "2011"
}
@ARTICLE{CMS-PAS-EXO-11-071,
      COLLABORATION = "CMS",
      TITLE       = "Search for Black Holes in $pp$ Collisions at $\sqrt{s} = 7$ {TeV} with 1 fb$^{-1}$ Data Set",
      AUTHOR      = "{CMS Collaboration}",
      URL         = "http://cdsweb.cern.ch/record/1369209",
      JOURNAL     = "CMS Physics Analysis Summary",
      VOLUME      =  "CMS-PAS-EXO-11-071",
      YEAR        = "2011"
}
@ARTICLE{CMS-PAS-EXO-11-067,
      COLLABORATION = "CMS",
      TITLE       = "Search for new physics with long-lived particles decaying to photons and missing energy",
      AUTHOR      = "{CMS Collaboration}",
      URL         = "http://cdsweb.cern.ch/record/1394286",
      JOURNAL     = "CMS Physics Analysis Summary",
      VOLUME      =  "CMS-PAS-EXO-11-067",
      YEAR        = "2011"
}
@ARTICLE{CMS-PAS-EXO-11-061,
      COLLABORATION = "CMS",
      TITLE       = "Search for {RS} Gravitons decaying into a Jet plus {MET}",
      AUTHOR      = "{CMS Collaboration}",
      URL         = "http://cdsweb.cern.ch/record/1426654",
      JOURNAL     = "CMS Physics Analysis Summary",
      VOLUME      =  "CMS-PAS-EXO-11-061",
      YEAR        = "2011"
}
@ARTICLE{CMS-PAS-EXO-11-059,
      COLLABORATION = "CMS",
      TITLE       = "Search for New Physics with a Monojet and Missing Transverse Energy in {$\Pp\Pp$} Collisions at $\sqrt{s}$ = 7~{TeV} with 1.1~$\fbinv$",
      AUTHOR      = "{CMS Collaboration}",
      URL         = "http://cdsweb.cern.ch/record/1376675",
      JOURNAL     = "CMS Physics Analysis Summary",
      VOLUME      =  "CMS-PAS-EXO-11-059",
      YEAR        = "2011"
}
@ARTICLE{CMS-PAS-EXO-11-058,
      COLLABORATION = "CMS",
      TITLE       = "Search for Extra Dimensions using the Monophoton Final State",
      AUTHOR      = "{CMS Collaboration}",
      URL         = "http://cdsweb.cern.ch/record/1377334",
      JOURNAL     = "CMS Physics Analysis Summary",
      VOLUME      =  "CMS-PAS-EXO-11-058",
      YEAR        = "2011"
}
@ARTICLE{CMS-PAS-EXO-11-056,
      COLLABORATION = "CMS",
      TITLE       = "Search for  {W'} decaying into t and d quarks in pp collisions at $\sqrt{s} =$ 7 {TeV}",
      AUTHOR      = "{CMS Collaboration}",
      URL         = "http://cdsweb.cern.ch/record/1436994",
      JOURNAL     = "CMS Physics Analysis Summary",
      VOLUME      =  "CMS-PAS-EXO-11-056",
      YEAR        = "2011"
}
@ARTICLE{CMS-PAS-EXO-11-055,
      COLLABORATION = "CMS",
      TITLE       = "Search for heavy narrow resonances decaying to $\rm t\bar t$ in the muon+jets channel",
      AUTHOR      = "{CMS Collaboration}",
      URL         = "http://cdsweb.cern.ch/record/1376673",
      JOURNAL     = "CMS Physics Analysis Summary",
      VOLUME      =  "CMS-PAS-EXO-11-055",
      YEAR        = "2011"
}
@ARTICLE{CMS-PAS-EXO-11-054,
      COLLABORATION = "CMS",
      TITLE       = "Inclusive search for a fourth generation of quarks with the {CMS} experiment",
      AUTHOR      = "{CMS Collaboration}",
      URL         = "http://cdsweb.cern.ch/record/1387505",
      JOURNAL     = "CMS Physics Analysis Summary",
      VOLUME      =  "CMS-PAS-EXO-11-054",
      YEAR        = "2011"
}
@ARTICLE{CMS-PAS-EXO-11-051,
      COLLABORATION = "CMS",
      TITLE       = "Search for pair production of a fourth-generation $t'$  quark in  the lepton-plus-jets channel with the {CMS} experiment",
      AUTHOR      = "{CMS Collaboration}",
      URL         = "http://cdsweb.cern.ch/record/1369546",
      JOURNAL     = "CMS Physics Analysis Summary",
      VOLUME      =  "CMS-PAS-EXO-11-051",
      YEAR        = "2011"
}
@ARTICLE{CMS-PAS-EXO-11-050,
      COLLABORATION = "CMS",
      TITLE       = "Search for a Heavy Top-like Quark in the Dilepton Final State in $pp$ Collisions at $\sqrt{s}=7$~{TeV}",
      AUTHOR      = "{CMS Collaboration}",
      URL         = "http://cdsweb.cern.ch/record/1376672",
      JOURNAL     = "CMS Physics Analysis Summary",
      VOLUME      =  "CMS-PAS-EXO-11-050",
      YEAR        = "2011"
}
@ARTICLE{CMS-PAS-EXO-11-045,
      COLLABORATION = "CMS",
      TITLE       = "Search for Anomalous Production of Multilepton Events and {$R$}-Parity-Violating Supersymmetry in $\sqrt{s} = 7$~{TeV} pp Collisions",
      AUTHOR      = "{CMS Collaboration}",
      URL         = "http://cdsweb.cern.ch/record/1393758",
      JOURNAL     = "CMS Physics Analysis Summary",
      VOLUME      =  "CMS-PAS-EXO-11-045",
      YEAR        = "2011"
}
@ARTICLE{CMS-PAS-EXO-11-041,
      COLLABORATION = "CMS",
      TITLE       = "Search for {W'} (or techni-rho) to {WZ}",
      AUTHOR      = "{CMS Collaboration}",
      URL         = "http://cdsweb.cern.ch/record/1377329",
      JOURNAL     = "CMS Physics Analysis Summary",
      VOLUME      =  "CMS-PAS-EXO-11-041",
      YEAR        = "2011"
}
@ARTICLE{CMS-PAS-EXO-11-039,
      COLLABORATION = "CMS",
      TITLE       = "Search for Large Extra Dimensions in Dimuon Events in pp Collisions at {$\sqrt{s} = 7\TeV$}",
      AUTHOR      = "{CMS Collaboration}",
      URL         = "http://cdsweb.cern.ch/record/1376670",
      JOURNAL     = "CMS Physics Analysis Summary",
      VOLUME      =  "CMS-PAS-EXO-11-039",
      YEAR        = "2011"
}
@ARTICLE{CMS-PAS-EXO-11-038,
      COLLABORATION = "CMS",
      TITLE       = "Search for Extra Dimensions in the Diphoton Final State at the {L}arge {H}adron {C}ollider",
      AUTHOR      = "{CMS Collaboration}",
      URL         = "http://cdsweb.cern.ch/record/1376706",
      JOURNAL     = "CMS Physics Analysis Summary",
      VOLUME      =  "CMS-PAS-EXO-11-038",
      YEAR        = "2011"
}
@ARTICLE{CMS-PAS-EXO-11-036,
      COLLABORATION = "CMS",
      TITLE       = "Search for a Heavy Bottom-like Quark in 1.14~fb$^{-1}$ of pp Collisions at $\sqrt{s} = 7$~{TeV}",
      AUTHOR      = "{CMS Collaboration}",
      URL         = "http://cdsweb.cern.ch/record/1377864",
      JOURNAL     = "CMS Physics Analysis Summary",
      VOLUME      =  "CMS-PAS-EXO-11-036",
      YEAR        = "2011"
}
@ARTICLE{CMS-PAS-EXO-11-035,
      COLLABORATION = {CMS},
      TITLE       = "Search for Long-Lived Particles using Displaced Photons in $pp$ Collisions at {$\sqrt{s} = 7 \TeV$}",
      AUTHOR      = "{CMS Collaboration}",
      URL         = "http://cdsweb.cern.ch/record/1459147",
      JOURNAL     = "CMS Physics Analysis Summary",
      VOLUME      =  "CMS-PAS-EXO-11-035",
      YEAR        = "2011"
}
@ARTICLE{CMS-PAS-EXO-11-030,
      COLLABORATION = "CMS",
      TITLE       = "Search for Pair Production of Third-Generation Scalar Leptoquarks Using Events Produced in pp Collisions at $\sqrt{s}$= 7 {TeV} Containing b-jets and Missing Transverse Energy",
      AUTHOR      = "{CMS Collaboration}",
      URL         = "http://cdsweb.cern.ch/record/1416079",
      JOURNAL     = "CMS Physics Analysis Summary",
      VOLUME      =  "CMS-PAS-EXO-11-030",
      YEAR        = "2011"
}
@ARTICLE{CMS-PAS-EXO-11-028,
      COLLABORATION = "CMS",
      TITLE       = "Search for Second Generation Scalar Leptoquarks",
      AUTHOR      = "{CMS Collaboration}",
      URL         = "http://cdsweb.cern.ch/record/1405702",
      JOURNAL     = "CMS Physics Analysis Summary",
      VOLUME      =  "CMS-PAS-EXO-11-028",
      YEAR        = "2011"
}
@ARTICLE{CMS-PAS-EXO-11-026,
      COLLABORATION = "CMS",
      TITLE       = "Search for Resonances with the Dijet Angular Ratio",
      AUTHOR      = "{CMS Collaboration}",
      URL         = "http://cdsweb.cern.ch/record/1430651",
      JOURNAL     = "CMS Physics Analysis Summary",
      VOLUME      =  "CMS-PAS-EXO-11-026",
      YEAR        = "2011"
}
@ARTICLE{CMS-PAS-EXO-11-025,
      COLLABORATION = {CMS},
      TITLE       = "Updated Search for New Physics in Highly Boosted {$Z^0$} Decays to Dimuon in pp Collisions at 7 {TeV}",
      AUTHOR      = "{CMS Collaboration}",
      URL         = "http://cdsweb.cern.ch/record/1449072",
      JOURNAL     = "CMS Physics Analysis Summary",
      VOLUME      =  "CMS-PAS-EXO-11-025",
      YEAR        = "2011"
}
@ARTICLE{CMS-PAS-EXO-11-024,
      COLLABORATION = "CMS",
      TITLE       = "Search for {W'} in the leptonic channels in pp Collisions at sqrt(s) = 7 {TeV}",
      AUTHOR      = "{CMS Collaboration}",
      URL         = "http://cdsweb.cern.ch/record/1369201",
      JOURNAL     = "CMS Physics Analysis Summary",
      VOLUME      =  "CMS-PAS-EXO-11-024",
      YEAR        = "2011"
}
@ARTICLE{CMS-PAS-EXO-11-022,
      COLLABORATION = "CMS",
      TITLE       = "Search for Heavy Stable Charged Particles in pp collisions at $\sqrt{s}=7$ {TeV}",
      AUTHOR      = "{CMS Collaboration}",
      URL         = "http://cdsweb.cern.ch/record/1370057",
      JOURNAL     = "CMS Physics Analysis Summary",
      VOLUME      =  "CMS-PAS-EXO-11-022",
      YEAR        = "2011"
}
@ARTICLE{CMS-PAS-EXO-11-021,
      COLLABORATION = "CMS",
      TITLE       = "Search for Black Holes in $pp$ collisions at $\sqrt{s} = 7$ {TeV}",
      AUTHOR      = "{CMS Collaboration}",
      URL         = "http://cdsweb.cern.ch/record/1357882",
      JOURNAL     = "CMS Physics Analysis Summary",
      VOLUME      =  "CMS-PAS-EXO-11-021",
      YEAR        = "2011"
}
@ARTICLE{CMS-PAS-EXO-11-020,
      COLLABORATION = "CMS",
      TITLE       = "Search for Stopped Heavy Stable Charged Particles in pp collisions at $\sqrt{s}=7$ {TeV}",
      AUTHOR      = "{CMS Collaboration}",
      URL         = "http://cdsweb.cern.ch/record/1369210",
      JOURNAL     = "CMS Physics Analysis Summary",
      VOLUME      =  "CMS-PAS-EXO-11-020",
      YEAR        = "2011"
}
@ARTICLE{CMS-PAS-EXO-11-019,
      COLLABORATION = "CMS",
      TITLE       = "Search for Resonances in the Dilepton Mass Distribution in pp Collisions at $\sqrt{s}$ = 7 {TeV}",
      AUTHOR      = "{CMS Collaboration}",
      URL         = "http://cdsweb.cern.ch/record/1369192",
      JOURNAL     = "CMS Physics Analysis Summary",
      VOLUME      =  "CMS-PAS-EXO-11-019",
      YEAR        = "2011"
}
@ARTICLE{CMS-PAS-EXO-11-016,
      COLLABORATION = "CMS",
      TITLE       = " Search for Pair-produced Dijet Resonances in Events with Four High {$p_T$} Jets  in pp Collisions at $\sqrt{s}$~=7 {TeV}",
      AUTHOR      = "{CMS Collaboration}",
      URL         = "http://cdsweb.cern.ch/record/1416058",
      JOURNAL     = "CMS Physics Analysis Summary",
      VOLUME      =  "CMS-PAS-EXO-11-016",
      YEAR        = "2011"
}
@ARTICLE{CMS-PAS-EXO-11-009,
      COLLABORATION = "CMS",
      TITLE       = "Search for Contact Interactions in $\mu^+\mu^-$ Events in pp Collisions at $\sqrt{s}$ = 7 {TeV}",
      AUTHOR      = "{CMS Collaboration}",
      URL         = "http://cdsweb.cern.ch/record/1446209",
      JOURNAL     = "CMS Physics Analysis Summary",
      VOLUME      =  "CMS-PAS-EXO-11-009",
      YEAR        = "2011"
}
@ARTICLE{CMS-PAS-EXO-11-006,
      COLLABORATION = "CMS",
      TITLE       = "Search for {BSM} \ttbar Production in the Boosted All-Hadronic Final State",
      AUTHOR      = "{CMS Collaboration}",
      URL         = "http://cdsweb.cern.ch/record/1370237",
      JOURNAL     = "CMS Physics Analysis Summary",
      VOLUME      =  "CMS-PAS-EXO-11-006",
      YEAR        = "2011"
}
@ARTICLE{CMS-PAS-EXO-11-005,
      COLLABORATION = "CMS",
      TITLE       = "Search for a Top-like Quark Decaying To A Top Quark And a {Z} boson in pp Collisions at $\sqrt{s} = 7$ {TeV}",
      AUTHOR      = "{CMS Collaboration}",
      URL         = "http://cdsweb.cern.ch/record/1367130",
      JOURNAL     = "CMS Physics Analysis Summary",
      VOLUME      =  "CMS-PAS-EXO-11-005",
      YEAR        = "2011"
}
@ARTICLE{CMS-PAS-EXO-11-004,
      COLLABORATION = "CMS",
      TITLE       = "Search for Heavy Resonances Decaying to  Long-Lived Neutral Particles in the  Displaced Lepton Channel",
      AUTHOR      = "{CMS Collaboration}",
      URL         = "http://cdsweb.cern.ch/record/1380311",
      JOURNAL     = "CMS Physics Analysis Summary",
      VOLUME      =  "CMS-PAS-EXO-11-004",
      YEAR        = "2011"
}
@ARTICLE{CMS-PAS-EXO-11-002,
      COLLABORATION = "CMS",
      TITLE       = "Search for a heavy neutrino and right-handed {W} of the left-right symmetric model in pp collisions at $\sqrt{s}$=7 {TeV}",
      AUTHOR      = "{CMS Collaboration}",
      URL         = "http://cdsweb.cern.ch/record/1369255",
      JOURNAL     = "CMS Physics Analysis Summary",
      VOLUME      =  "CMS-PAS-EXO-11-002",
      YEAR        = "2011"
}
@ARTICLE{CMS-PAS-EXO-11-001,
      COLLABORATION = "CMS",
      TITLE       = "Search for Multijet Resonances in pp Collisions  at $\sqrt{s}$ = 7 {TeV}",
      AUTHOR      = "{CMS Collaboration}",
      URL         = "http://cdsweb.cern.ch/record/1351471",
      JOURNAL     = "CMS Physics Analysis Summary",
      VOLUME      =  "CMS-PAS-EXO-11-001",
      YEAR        = "2011"
}
@ARTICLE{CMS-PAS-EWK-11-020,
      COLLABORATION = "CMS",
      TITLE       = "Update of the measurement of {D}rell--{Y}an cross section in pp collisions
at $\sqrt{s}$ = 7 {TeV} with 1.1 fb$^{-1}$ of 2011 data",
      AUTHOR      = "{CMS Collaboration}",
      URL         = "http://cdsweb.cern.ch/record/1417528",
      JOURNAL     = "CMS Physics Analysis Summary",
      VOLUME      =  "CMS-PAS-EWK-11-020",
      YEAR        = "2011"
}
@ARTICLE{CMS-PAS-EWK-11-019,
      COLLABORATION = "CMS",
      TITLE       = "Measurement of the ${W} \rightarrow \tau \nu$ cross--section in $pp$ collisions at $\sqrt{s} = 7$~{TeV}",
      AUTHOR      = "{CMS Collaboration}",
      URL         = "http://cdsweb.cern.ch/record/1403095",
      JOURNAL     = "CMS Physics Analysis Summary",
      VOLUME      =  "CMS-PAS-EWK-11-019",
      YEAR        = "2011"
}
@ARTICLE{CMS-PAS-EWK-11-017,
      COLLABORATION = "CMS",
      TITLE       = "Study of the dijet invariant mass distribution in {W}$\to\ell\nu$ plus jets events produced in pp collisions at $\sqrt{s} = 7$~{TeV}",
      AUTHOR      = "{CMS Collaboration}",
      URL         = "http://cdsweb.cern.ch/record/1431015",
      JOURNAL     = "CMS Physics Analysis Summary",
      VOLUME      =  "CMS-PAS-EWK-11-017",
      YEAR        = "2011"
}
@ARTICLE{CMS-PAS-EWK-11-015,
      COLLABORATION = "CMS",
      TITLE       = "Angular correlation between {B} hadrons produced in association with a {Z} boson in pp collisions at $\sqrt{s}=7$~{TeV}",
      AUTHOR      = "{CMS Collaboration}",
      URL         = "http://cdsweb.cern.ch/record/1430694",
      JOURNAL     = "CMS Physics Analysis Summary",
      VOLUME      =  "CMS-PAS-EWK-11-015",
      YEAR        = "2011"
}
@ARTICLE{CMS-PAS-EWK-11-013,
      COLLABORATION = "CMS",
      TITLE       = "Measurement of associated charm production in {W} final states at $\sqrt{s}=7$ {TeV}",
      AUTHOR      = "{CMS Collaboration}",
      URL         = "http://cdsweb.cern.ch/record/1369558",
      JOURNAL     = "CMS Physics Analysis Summary",
      VOLUME      =  "CMS-PAS-EWK-11-013",
      YEAR        = "2011"
}
@ARTICLE{CMS-PAS-EWK-11-010,
      COLLABORATION = "CMS",
      TITLE       = "Measurement of the {WW}, {WZ} and {ZZ} cross sections at {CMS}",
      AUTHOR      = "{CMS Collaboration}",
      URL         = "http://cdsweb.cern.ch/record/1370067",
      JOURNAL     = "CMS Physics Analysis Summary",
      VOLUME      =  "CMS-PAS-EWK-11-010",
      YEAR        = "2011"
}
@ARTICLE{CMS-PAS-EWK-11-007,
      COLLABORATION = "CMS",
      TITLE       = "Measurement of the differential and double-differential {D}rell-{Y}an cross sections in proton-proton collisions at $\sqrt{s} = 7~${TeV}",
      AUTHOR      = "{CMS Collaboration}",
      URL         = "http://cdsweb.cern.ch/record/1439026",
      JOURNAL     = "CMS Physics Analysis Summary",
      VOLUME      =  "CMS-PAS-EWK-11-007",
      YEAR        = "2011"
}
@ARTICLE{CMS-PAS-EWK-11-005,
      COLLABORATION = "CMS",
      TITLE       = "Measurement of the Muon Charge Asymmetry in Inclusive $\mathrm{W}$ Production in $\mathrm{pp}$ Collisions at $\sqrt{s}=7$ {TeV}",
      AUTHOR      = "{CMS Collaboration}",
      URL         = "http://cdsweb.cern.ch/record/1377410",
      JOURNAL     = "CMS Physics Analysis Summary",
      VOLUME      =  "CMS-PAS-EWK-11-005",
      YEAR        = "2011"
}
@ARTICLE{CMS-PAS-EWK-11-004,
      COLLABORATION = "CMS",
      TITLE       = "Forward-backward asymmetry of {D}rell-{Y}an pairs",
      AUTHOR      = "{CMS Collaboration}",
      URL         = "http://cdsweb.cern.ch/record/1430637",
      JOURNAL     = "CMS Physics Analysis Summary",
      VOLUME      =  "CMS-PAS-EWK-11-004",
      YEAR        = "2011"
}
@ARTICLE{CMS-PAS-EWK-11-002,
      COLLABORATION = "CMS",
      TITLE       = "Observation of {W$\rightarrow\tau\nu$} Production in pp Collisions at $\sqrt{s}= 7$ {TeV}",
      AUTHOR      = "{CMS Collaboration}",
      URL         = "http://cdsweb.cern.ch/record/1344421",
      JOURNAL     = "CMS Physics Analysis Summary",
      VOLUME      =  "CMS-PAS-EWK-11-002",
      YEAR        = "2011"
}
@ARTICLE{CMS-PAS-EWK-11-001,
      COLLABORATION = "CMS",
      TITLE       = "Absolute Calibration of the {CMS} Luminosity Measurement: {S}ummer 2011 Update",
      AUTHOR      = "{CMS Collaboration}",
      URL         = "http://cdsweb.cern.ch/record/1376102",
      JOURNAL     = "CMS Physics Analysis Summary",
      VOLUME      =  "CMS-PAS-EWK-11-001",
      YEAR        = "2011"
}
@ARTICLE{CMS-PAS-BTV-11-004,
      COLLABORATION = "CMS",
      TITLE       = "b-Jet Identification in the {CMS} Experiment",
      AUTHOR      = "{CMS Collaboration}",
      URL         = "http://cdsweb.cern.ch/record/1427247",
      JOURNAL     = "CMS Physics Analysis Summary",
      VOLUME      =  "CMS-PAS-BTV-11-004",
      YEAR        = "2011"
}
@ARTICLE{CMS-PAS-BTV-11-003,
      COLLABORATION = "CMS",
      TITLE       = "Measurement of the b-tagging efficiency using \ttbar\ events",
      AUTHOR      = "{CMS Collaboration}",
      URL         = "http://cdsweb.cern.ch/record/1421611",
      JOURNAL     = "CMS Physics Analysis Summary",
      VOLUME      =  "CMS-PAS-BTV-11-003",
      YEAR        = "2011"
}
@ARTICLE{CMS-PAS-BTV-11-002,
      COLLABORATION = "CMS",
      TITLE       = "Status of b-tagging tools for 2011 data analysis",
      AUTHOR      = "{CMS Collaboration}",
      URL         = "http://cdsweb.cern.ch/record/1395489",
      JOURNAL     = "CMS Physics Analysis Summary",
      VOLUME      =  "CMS-PAS-BTV-11-002",
      YEAR        = "2011"
}
@ARTICLE{CMS-PAS-BTV-11-001,
      COLLABORATION = "CMS",
      TITLE       = "Performance of b-jet identification in {CMS}",
      AUTHOR      = "{CMS Collaboration}",
      URL         = "http://cdsweb.cern.ch/record/1366061",
      JOURNAL     = "CMS Physics Analysis Summary",
      VOLUME      =  "CMS-PAS-BTV-11-001",
      YEAR        = "2011"
}
@ARTICLE{CMS-PAS-BPH-11-019,
      COLLABORATION = "CMS, LHCb",
      TITLE       = "Search for the rare decay {$B_s\to\mu^+\mu^-$} at the {LHC} with the {CMS} and {LHCb} experiments",
      AUTHOR      = "{CMS Collaboration}",
      URL         = "http://cdsweb.cern.ch/record/1374913",
      JOURNAL     = "CMS Physics Analysis Summary",
      VOLUME      =  "CMS-PAS-BPH-11-019",
      YEAR        = "2011"
}
@ARTICLE{CMS-PAS-BPH-11-017,
      COLLABORATION = {CMS},
      TITLE       = "Search for the Flavour-Changing Neutral Current decay {$D^0 \to \mu^+\mu^-$} with the experiment {CMS} at $\sqrt{s} =$ 7 {TeV}",
      AUTHOR      = "{CMS Collaboration}",
      URL         = "http://cdsweb.cern.ch/record/1455101",
      JOURNAL     = "CMS Physics Analysis Summary",
      VOLUME      =  "CMS-PAS-BPH-11-017",
      YEAR        = "2011"
}
@ARTICLE{CMS-PAS-BPH-11-010,
      COLLABORATION = {CMS},
      TITLE       = "Measurement of the relative prompt production rate  of $\chi_{c2}$ and $\chi_{c1}$ in pp collisions  at $\sqrt{s} = 7$ {\TeV}",
      AUTHOR      = "{CMS Collaboration}",
      URL         = "http://cdsweb.cern.ch/record/1455100",
      JOURNAL     = "CMS Physics Analysis Summary",
      VOLUME      =  "CMS-PAS-BPH-11-010",
      YEAR        = "2011"
}
@ARTICLE{CMS-PAS-TRK-10-005,
      COLLABORATION = "CMS",
      TITLE       = "Tracking and Primary Vertex Results in First 7 {TeV} Collisions",
      AUTHOR      = "{CMS Collaboration}",
      URL         = "http://cdsweb.cern.ch/record/1279383",
      JOURNAL     = "CMS Physics Analysis Summary",
      VOLUME      =  "CMS-PAS-TRK-10-005",
      YEAR        = "2010"
}
@ARTICLE{CMS-PAS-TRK-10-004,
      COLLABORATION = "CMS",
      TITLE       = "Measurement of Momentum Scale and Resolution using Low-mass Resonances and Cosmic Ray Muons",
      AUTHOR      = "{CMS Collaboration}",
      URL         = "http://cdsweb.cern.ch/record/1279137",
      JOURNAL     = "CMS Physics Analysis Summary",
      VOLUME      =  "CMS-PAS-TRK-10-004",
      YEAR        = "2010"
}
@ARTICLE{CMS-PAS-TRK-10-003,
      COLLABORATION = "CMS",
      TITLE       = "Studies of Tracker Material in the {CMS} Detector",
      AUTHOR      = "{CMS Collaboration}",
      URL         = "http://cdsweb.cern.ch/record/1279138",
      JOURNAL     = "CMS Physics Analysis Summary",
      VOLUME      =  "CMS-PAS-TRK-10-003",
      YEAR        = "2010"
}
@ARTICLE{CMS-PAS-TRK-10-002,
      COLLABORATION = "CMS",
      TITLE       = "Measurement of Tracking Efficiency",
      AUTHOR      = "{CMS Collaboration}",
      URL         = "http://cdsweb.cern.ch/record/1279139",
      JOURNAL     = "CMS Physics Analysis Summary",
      VOLUME      =  "CMS-PAS-TRK-10-002",
      YEAR        = "2010"
}
@ARTICLE{CMS-PAS-TRK-10-001,
      COLLABORATION = "CMS",
      TITLE       = "Tracking and Vertexing Results from First Collisions",
      AUTHOR      = "{CMS Collaboration}",
      URL         = "http://cdsweb.cern.ch/record/1258204",
      JOURNAL     = "CMS Physics Analysis Summary",
      VOLUME      =  "CMS-PAS-TRK-10-001",
      YEAR        = "2010"
}
@ARTICLE{CMS-PAS-TOP-10-010,
      COLLABORATION = "CMS",
      TITLE       = "Measurement of the charge asymmetry in top quark pair production with the {CMS} experiment",
      AUTHOR      = "{CMS Collaboration}",
      URL         = "http://cdsweb.cern.ch/record/1335714",
      JOURNAL     = "CMS Physics Analysis Summary",
      VOLUME      =  "CMS-PAS-TOP-10-010",
      YEAR        = "2010"
}
@ARTICLE{CMS-PAS-TOP-10-009,
      COLLABORATION = "CMS",
      TITLE       = "Measurement of the top quark mass in the lepton+jets channel",
      AUTHOR      = "{CMS Collaboration}",
      URL         = "http://cdsweb.cern.ch/record/1356578",
      JOURNAL     = "CMS Physics Analysis Summary",
      VOLUME      =  "CMS-PAS-TOP-10-009",
      YEAR        = "2010"
}
@ARTICLE{CMS-PAS-TOP-10-008,
      COLLABORATION = "CMS",
      TITLE       = "Measurement of the single-top $t$-channel cross section in pp collisions at $\sqrt{s}=7$~{TeV}",
      AUTHOR      = "{CMS Collaboration}",
      URL         = "http://cdsweb.cern.ch/record/1335719",
      JOURNAL     = "CMS Physics Analysis Summary",
      VOLUME      =  "CMS-PAS-TOP-10-008",
      YEAR        = "2010"
}
@ARTICLE{CMS-PAS-TOP-10-007,
      COLLABORATION = "CMS",
      TITLE       = "Search for Resonances in Semi-leptonic Top-pair Decays Close to Production Threshold",
      AUTHOR      = "{CMS Collaboration}",
      URL         = "http://cdsweb.cern.ch/record/1335720",
      JOURNAL     = "CMS Physics Analysis Summary",
      VOLUME      =  "CMS-PAS-TOP-10-007",
      YEAR        = "2010"
}
@ARTICLE{CMS-PAS-TOP-10-006,
      COLLABORATION = "CMS",
      TITLE       = "First measurement of the top quark mass   in pp collisions at $\sqrt{s}$=7~{TeV}",
      AUTHOR      = "{CMS Collaboration}",
      URL         = "http://cdsweb.cern.ch/record/1335454",
      JOURNAL     = "CMS Physics Analysis Summary",
      VOLUME      =  "CMS-PAS-TOP-10-006",
      YEAR        = "2010"
}
@ARTICLE{CMS-PAS-TOP-10-004,
      COLLABORATION = "CMS",
      TITLE       = "Selection of Top-Like Events in the Dilepton and Lepton-plus-Jets Channels in Early 7 {TeV} Data",
      AUTHOR      = "{CMS Collaboration}",
      URL         = "http://cdsweb.cern.ch/record/1280706",
      JOURNAL     = "CMS Physics Analysis Summary",
      VOLUME      =  "CMS-PAS-TOP-10-004",
      YEAR        = "2010"
}
@ARTICLE{CMS-PAS-SUS-10-011,
      COLLABORATION = "CMS",
      TITLE       = "Search for Supersymmetry in Final States with b Jets and Missing Energy at the {LHC}",
      AUTHOR      = "{CMS Collaboration}",
      URL         = "http://cdsweb.cern.ch/record/1344504",
      JOURNAL     = "CMS Physics Analysis Summary",
      VOLUME      =  "CMS-PAS-SUS-10-011",
      YEAR        = "2010"
}
@ARTICLE{CMS-PAS-SUS-10-010,
      COLLABORATION = "CMS",
      TITLE       = "Search for Physics Beyond the Standard Model in ${Z} + \text{jets} + {\MET}$ events at the {LHC}",
      AUTHOR      = "{CMS Collaboration}",
      URL         = "http://cdsweb.cern.ch/record/1354224",
      JOURNAL     = "CMS Physics Analysis Summary",
      VOLUME      =  "CMS-PAS-SUS-10-010",
      YEAR        = "2010"
}
@ARTICLE{CMS-PAS-SUS-10-009,
      COLLABORATION = "CMS",
      TITLE       = "Inclusive search for squarks and gluinos at $\sqrt{s}$~=~7~{TeV}",
      AUTHOR      = "{CMS Collaboration}",
      URL         = "http://cdsweb.cern.ch/record/1338577",
      JOURNAL     = "CMS Physics Analysis Summary",
      VOLUME      =  "CMS-PAS-SUS-10-009",
      YEAR        = "2010"
}
@ARTICLE{CMS-PAS-SUS-10-005,
      COLLABORATION = "CMS",
      TITLE       = "Search for new physics at {CMS} with jets and missing momentum",
      AUTHOR      = "{CMS Collaboration}",
      URL         = "http://cdsweb.cern.ch/record/1343076",
      JOURNAL     = "CMS Physics Analysis Summary",
      VOLUME      =  "CMS-PAS-SUS-10-005",
      YEAR        = "2010"
}
@ARTICLE{CMS-PAS-SUS-10-001,
      COLLABORATION = "CMS",
      TITLE       = "Performance of Methods for Data-Driven Background Estimation in {SUSY} Searches",
      AUTHOR      = "{CMS Collaboration}",
      URL         = "http://cdsweb.cern.ch/record/1279147",
      JOURNAL     = "CMS Physics Analysis Summary",
      VOLUME      =  "CMS-PAS-SUS-10-001",
      YEAR        = "2010"
}
@ARTICLE{CMS-PAS-QCD-10-041,
      COLLABORATION = "CMS",
      TITLE       = "Measurement of the Subjet Multiplicity in Dijet Events from proton-proton Collisions at $\sqrt{s} = 7\,${TeV}",
      AUTHOR      = "{CMS Collaboration}",
      URL         = "http://cdsweb.cern.ch/record/1431432",
      JOURNAL     = "CMS Physics Analysis Summary",
      VOLUME      =  "CMS-PAS-QCD-10-041",
      YEAR        = "2010"
}
@ARTICLE{CMS-PAS-QCD-10-040,
      COLLABORATION = "CMS",
      TITLE       = "Measurement of the Underlying Event Activity in the {D}rell-{Y}an process in proton-proton collisions at $\sqrt{s} = 7~{\TeV}$",
      AUTHOR      = "{CMS Collaboration}",
      URL         = "http://cdsweb.cern.ch/record/1369227",
      JOURNAL     = "CMS Physics Analysis Summary",
      VOLUME      =  "CMS-PAS-QCD-10-040",
      YEAR        = "2010"
}
@ARTICLE{CMS-PAS-QCD-10-024,
      COLLABORATION = "CMS",
      TITLE       = "Pseudorapidity distributions of charged particles in pp collisions at sqrt(s)= 7 {TeV} with at least one central charged particles",
      AUTHOR      = "{CMS Collaboration}",
      URL         = "http://cdsweb.cern.ch/record/1341853",
      JOURNAL     = "CMS Physics Analysis Summary",
      VOLUME      =  "CMS-PAS-QCD-10-024",
      YEAR        = "2010"
}
@ARTICLE{CMS-PAS-QCD-10-015,
      COLLABORATION = "CMS",
      TITLE       = "Dijet Azimuthal Decorrelations and Angular Distributions in {\Pp\Pp} Collisions at $\sqrt{s} = 7\,${TeV}",
      AUTHOR      = "{CMS Collaboration}",
      URL         = "http://cdsweb.cern.ch/record/1280686",
      JOURNAL     = "CMS Physics Analysis Summary",
      VOLUME      =  "CMS-PAS-QCD-10-015",
      YEAR        = "2010"
}
@ARTICLE{CMS-PAS-QCD-10-014,
      COLLABORATION = "CMS",
      TITLE       = "Jet Transverse Structure and Momentum Distribution in {\Pp\Pp} Collisions at 7 {TeV}",
      AUTHOR      = "{CMS Collaboration}",
      URL         = "http://cdsweb.cern.ch/record/1280685",
      JOURNAL     = "CMS Physics Analysis Summary",
      VOLUME      =  "CMS-PAS-QCD-10-014",
      YEAR        = "2010"
}
@ARTICLE{CMS-PAS-QCD-10-013,
      COLLABORATION = "CMS",
      TITLE       = "Hadronic Event Shapes in {\Pp\Pp} Collisions at 7 {TeV}",
      AUTHOR      = "{CMS Collaboration}",
      URL         = "http://cdsweb.cern.ch/record/1280684",
      JOURNAL     = "CMS Physics Analysis Summary",
      VOLUME      =  "CMS-PAS-QCD-10-013",
      YEAR        = "2010"
}
@ARTICLE{CMS-PAS-QCD-10-012,
      COLLABORATION = "CMS",
      TITLE       = "Measurement of the 3-jet to 2-jet Cross Section Ratio in pp Collisions at $\sqrt{s} = 7\,${TeV}",
      AUTHOR      = "{CMS Collaboration}",
      URL         = "http://cdsweb.cern.ch/record/1280683",
      JOURNAL     = "CMS Physics Analysis Summary",
      VOLUME      =  "CMS-PAS-QCD-10-012",
      YEAR        = "2010"
}
@ARTICLE{CMS-PAS-QCD-10-011,
      COLLABORATION = "CMS",
      TITLE       = "Measurement of the Inclusive Jet Cross Section in pp Collisions at 7 {TeV}",
      AUTHOR      = "{CMS Collaboration}",
      URL         = "http://cdsweb.cern.ch/record/1280682",
      JOURNAL     = "CMS Physics Analysis Summary",
      VOLUME      =  "CMS-PAS-QCD-10-011",
      YEAR        = "2010"
}
@ARTICLE{CMS-PAS-QCD-10-010,
      COLLABORATION = "CMS",
      TITLE       = "Measurement of the Underlying Event Activity at the {LHC} with $\sqrt{s} = 7\,${TeV} and Comparison with $\sqrt{s} = 0.9\,${TeV}",
      AUTHOR      = "{CMS Collaboration}",
      URL         = "http://cdsweb.cern.ch/record/1279345",
      JOURNAL     = "CMS Physics Analysis Summary",
      VOLUME      =  "CMS-PAS-QCD-10-010",
      YEAR        = "2010"
}
@ARTICLE{CMS-PAS-QCD-10-008,
      COLLABORATION = "CMS",
      TITLE       = "Jet-triggered charged particle transverse momentum spectra in {\Pp\Pp} collisions at 7 {TeV}",
      AUTHOR      = "{CMS Collaboration}",
      URL         = "http://cdsweb.cern.ch/record/1285582",
      JOURNAL     = "CMS Physics Analysis Summary",
      VOLUME      =  "CMS-PAS-QCD-10-008",
      YEAR        = "2010"
}
@ARTICLE{CMS-PAS-QCD-10-007,
      COLLABORATION = "CMS",
      TITLE       = "Strange Particle Production in {\Pp\Pp} collisions at $\sqrt{s}$ = 0.9 and 7 {TeV}",
      AUTHOR      = "{CMS Collaboration}",
      URL         = "http://cdsweb.cern.ch/record/1279344",
      JOURNAL     = "CMS Physics Analysis Summary",
      VOLUME      =  "CMS-PAS-QCD-10-007",
      YEAR        = "2010"
}
@ARTICLE{CMS-PAS-QCD-10-005,
      COLLABORATION = "CMS",
      TITLE       = "Measurement of the Underlying Event Activity with the Jet Area/Median Approach at $0.9\,${TeV}",
      AUTHOR      = "{CMS Collaboration}",
      URL         = "http://cdsweb.cern.ch/record/1278706",
      JOURNAL     = "CMS Physics Analysis Summary",
      VOLUME      =  "CMS-PAS-QCD-10-005",
      YEAR        = "2010"
}
@ARTICLE{CMS-PAS-QCD-10-004,
      COLLABORATION = "CMS",
      TITLE       = "Charged particle multiplicities in {\Pp\Pp} interactions at $\sqrt{s} = 0.9$, 2.36, and 7.0 {TeV}",
      AUTHOR      = "{CMS Collaboration}",
      URL         = "http://cdsweb.cern.ch/record/1279343",
      JOURNAL     = "CMS Physics Analysis Summary",
      VOLUME      =  "CMS-PAS-QCD-10-004",
      YEAR        = "2010"
}
@ARTICLE{CMS-PAS-QCD-10-003,
      COLLABORATION = "CMS",
      TITLE       = "Measurement of {B}ose--{E}instein Correlations in 0.9 and 2.36~{TeV} proton-proton Collisions with the {CMS} Experiment",
      AUTHOR      = "{CMS Collaboration}",
      URL         = "http://cdsweb.cern.ch/record/1258681",
      JOURNAL     = "CMS Physics Analysis Summary",
      VOLUME      =  "CMS-PAS-QCD-10-003",
      YEAR        = "2010"
}
@ARTICLE{CMS-PAS-QCD-10-002,
      COLLABORATION = "CMS",
      TITLE       = "Two-Particle Angular Correlations and Cluster Properties in {\Pp\Pp} Collisions at $\sqrt{s}$ =0.9, 2.36 and 7 {TeV}",
      AUTHOR      = "{CMS Collaboration}",
      URL         = "http://cdsweb.cern.ch/record/1267376",
      JOURNAL     = "CMS Physics Analysis Summary",
      VOLUME      =  "CMS-PAS-QCD-10-002",
      YEAR        = "2010"
}
@ARTICLE{CMS-PAS-QCD-10-001,
      COLLABORATION = "CMS",
      TITLE       = "First Measurement of the Underlying Event Activity in Proton-Proton Collisions at 900 {GeV} at the {LHC}",
      AUTHOR      = "{CMS Collaboration}",
      URL         = "http://cdsweb.cern.ch/record/1263603",
      JOURNAL     = "CMS Physics Analysis Summary",
      VOLUME      =  "CMS-PAS-QCD-10-001",
      YEAR        = "2010"
}
@ARTICLE{CMS-PAS-PFT-10-004,
      COLLABORATION = "CMS",
      TITLE       = "Study of tau reconstruction algorithms using {\Pp\Pp} collisions data collected at $\sqrt{s} = 7\,${TeV}",
      AUTHOR      = "{CMS Collaboration}",
      URL         = "http://cdsweb.cern.ch/record/1279358",
      JOURNAL     = "CMS Physics Analysis Summary",
      VOLUME      =  "CMS-PAS-PFT-10-004",
      YEAR        = "2010"
}
@ARTICLE{CMS-PAS-PFT-10-003,
      COLLABORATION = "CMS",
      TITLE       = "Commissioning of the particle-flow event reconstruction with leptons from {J}/$\Psi$ and {W} decays at 7 {TeV}",
      AUTHOR      = "{CMS Collaboration}",
      URL         = "http://cdsweb.cern.ch/record/1279347",
      JOURNAL     = "CMS Physics Analysis Summary",
      VOLUME      =  "CMS-PAS-PFT-10-003",
      YEAR        = "2010"
}
@ARTICLE{CMS-PAS-PFT-10-002,
      COLLABORATION = "CMS",
      TITLE       = "Commissioning of the Particle-Flow Reconstruction in Minimum-Bias and Jet Events from {\Pp\Pp} Collisions at 7 {TeV}",
      AUTHOR      = "{CMS Collaboration}",
      URL         = "http://cdsweb.cern.ch/record/1279341",
      JOURNAL     = "CMS Physics Analysis Summary",
      VOLUME      =  "CMS-PAS-PFT-10-002",
      YEAR        = "2010"
}
@ARTICLE{CMS-PAS-PFT-10-001,
      COLLABORATION = "CMS",
      TITLE       = "Commissioning of the Particle-flow Event Reconstruction with the first {LHC} collisions recorded in the {CMS} detector",
      AUTHOR      = "{CMS Collaboration}",
      URL         = "http://cdsweb.cern.ch/record/1247373",
      JOURNAL     = "CMS Physics Analysis Summary",
      VOLUME      =  "CMS-PAS-PFT-10-001",
      YEAR        = "2010"
}
@ARTICLE{CMS-PAS-MUO-10-002,
      COLLABORATION = "CMS",
      TITLE       = "Performance of muon identification in pp collisions at $\sqrt{s}$ = 7 {TeV}",
      AUTHOR      = "{CMS Collaboration}",
      URL         = "http://cdsweb.cern.ch/record/1279140",
      JOURNAL     = "CMS Physics Analysis Summary",
      VOLUME      =  "CMS-PAS-MUO-10-002",
      YEAR        = "2010"
}
@ARTICLE{CMS-PAS-MUO-10-001,
      COLLABORATION = "CMS",
      TITLE       = "Measurement of the charge asymmetry of atmospheric muons with the {CMS} detector",
      AUTHOR      = "{CMS Collaboration}",
      URL         = "http://cdsweb.cern.ch/record/1259232",
      JOURNAL     = "CMS Physics Analysis Summary",
      VOLUME      =  "CMS-PAS-MUO-10-001",
      YEAR        = "2010"
}
@ARTICLE{CMS-PAS-JME-10-014,
      COLLABORATION = "CMS",
      TITLE       = "Jet Energy Resolution in CMS at $\sqrt{s}=7$ {TeV}",
      AUTHOR      = "{CMS Collaboration}",
      URL         = "http://cdsweb.cern.ch/record/1339945",
      JOURNAL     = "CMS Physics Analysis Summary",
      VOLUME      =  "CMS-PAS-JME-10-014",
      YEAR        = "2010"
}
@ARTICLE{CMS-PAS-JME-10-013,
      COLLABORATION = "CMS",
      TITLE       = "Study of Jet Substructure in pp Collisions at 7 {TeV} in {CMS}",
      AUTHOR      = "{CMS Collaboration}",
      URL         = "http://cdsweb.cern.ch/record/1333700",
      JOURNAL     = "CMS Physics Analysis Summary",
      VOLUME      =  "CMS-PAS-JME-10-013",
      YEAR        = "2010"
}
@ARTICLE{CMS-PAS-JME-10-010,
      COLLABORATION = "CMS",
      TITLE       = "Determination of the Jet Energy Scale in {CMS} with pp Collisions at $\sqrt{s}= 7$ {TeV}",
      AUTHOR      = "{CMS Collaboration}",
      URL         = "http://cdsweb.cern.ch/record/1308178",
      JOURNAL     = "CMS Physics Analysis Summary",
      VOLUME      =  "CMS-PAS-JME-10-010",
      YEAR        = "2010"
}
@ARTICLE{CMS-PAS-JME-10-008,
      COLLABORATION = "CMS",
      TITLE       = "Single-Particle Response in the {CMS} Calorimeters",
      AUTHOR      = "{CMS Collaboration}",
      URL         = "http://cdsweb.cern.ch/record/1279141",
      JOURNAL     = "CMS Physics Analysis Summary",
      VOLUME      =  "CMS-PAS-JME-10-008",
      YEAR        = "2010"
}
@ARTICLE{CMS-PAS-JME-10-006,
      COLLABORATION = "CMS",
      TITLE       = "Commissioning of TrackJets in pp Collisions at $\sqrt{s}$=7 {TeV}",
      AUTHOR      = "{CMS Collaboration}",
      URL         = "http://cdsweb.cern.ch/record/1275133",
      JOURNAL     = "CMS Physics Analysis Summary",
      VOLUME      =  "CMS-PAS-JME-10-006",
      YEAR        = "2010"
}
@ARTICLE{CMS-PAS-JME-10-005,
      COLLABORATION = "CMS",
      TITLE       = "CMS MET Performance in Events Containing Electroweak Bosons from pp Collisions at $\sqrt{s}=7$ {TeV}",
      AUTHOR      = "{CMS Collaboration}",
      URL         = "http://cdsweb.cern.ch/record/1294501",
      JOURNAL     = "CMS Physics Analysis Summary",
      VOLUME      =  "CMS-PAS-JME-10-005",
      YEAR        = "2010"
}
@ARTICLE{CMS-PAS-JME-10-004,
      COLLABORATION = "CMS",
      TITLE       = "Missing Transverse Energy Performance in Minimum-Bias and Jet Events from Proton-Proton Collisions at $\sqrt{s}=7$ {TeV}",
      AUTHOR      = "{CMS Collaboration}",
      URL         = "http://cdsweb.cern.ch/record/1279142",
      JOURNAL     = "CMS Physics Analysis Summary",
      VOLUME      =  "CMS-PAS-JME-10-004",
      YEAR        = "2010"
}
@ARTICLE{CMS-PAS-JME-10-003,
      COLLABORATION = "CMS",
      TITLE       = "Jet Performance in pp Collisions at $\sqrt{s}$=7 {TeV}",
      AUTHOR      = "{CMS Collaboration}",
      URL         = "http://cdsweb.cern.ch/record/1279362",
      JOURNAL     = "CMS Physics Analysis Summary",
      VOLUME      =  "CMS-PAS-JME-10-003",
      YEAR        = "2010"
}
@ARTICLE{CMS-PAS-JME-10-002,
      COLLABORATION = "CMS",
      TITLE       = "Performance of Missing Transverse Energy Reconstruction in $\sqrt{s}=$ 900 and 2360~{GeV} pp Collision Data",
      AUTHOR      = "{CMS Collaboration}",
      URL         = "http://cdsweb.cern.ch/record/1247385",
      JOURNAL     = "CMS Physics Analysis Summary",
      VOLUME      =  "CMS-PAS-JME-10-002",
      YEAR        = "2010"
}
@ARTICLE{CMS-PAS-JME-10-001,
      COLLABORATION = "CMS",
      TITLE       = "Jets in 0.9 and 2.36 {TeV} pp Collisions",
      AUTHOR      = "{CMS Collaboration}",
      URL         = "http://cdsweb.cern.ch/record/1248210",
      JOURNAL     = "CMS Physics Analysis Summary",
      VOLUME      =  "CMS-PAS-JME-10-001",
      YEAR        = "2010"
}
@ARTICLE{CMS-PAS-HIN-10-006,
      COLLABORATION = "CMS",
      TITLE       = "Quarkonium production in {PbPb} collisions at $\sqrt{s_{NN}}=2.76$~{TeV}",
      AUTHOR      = "{CMS Collaboration}",
      URL         = "http://cdsweb.cern.ch/record/1353586",
      JOURNAL     = "CMS Physics Analysis Summary",
      VOLUME      =  "CMS-PAS-HIN-10-006",
      YEAR        = "2010"
}
@ARTICLE{CMS-PAS-HIN-10-005,
      COLLABORATION = "CMS",
      TITLE       = "Centrality dependence of the nuclear modification factor for charged particle transverse momentum spectra in {PbPb} collisions at $\sqrt{s_{_{\mathrm{NN}}}}=2.76$ {TeV}",
      AUTHOR      = "{CMS Collaboration}",
      URL         = "http://cdsweb.cern.ch/record/1352777",
      JOURNAL     = "CMS Physics Analysis Summary",
      VOLUME      =  "CMS-PAS-HIN-10-005",
      YEAR        = "2010"
}
@ARTICLE{CMS-PAS-HIG-10-002,
      COLLABORATION = "CMS",
      TITLE       = "Search For Neutral {MSSM} Higgs Boson Production via Decays to Tau Pairs in $pp$ Collisions at $\sqrt{s}=7$~{TeV}",
      AUTHOR      = "{CMS Collaboration}",
      URL         = "http://cdsweb.cern.ch/record/1335388",
      JOURNAL     = "CMS Physics Analysis Summary",
      VOLUME      =  "CMS-PAS-HIG-10-002",
      YEAR        = "2010"
}
@ARTICLE{CMS-PAS-HIN-10-002,
      COLLABORATION = "CMS",
      TITLE       = "Azimuthal correlations of charged hadrons in PbPb collisions at $\sqrt{s_{NN}}$ = 2.76 TeV",
      AUTHOR      = "{CMS Collaboration}",
      URL         = "http://cdsweb.cern.ch/record/1347788",
      JOURNAL     = "CMS Physics Analysis Summary",
      VOLUME      =  "CMS-PAS-HIN-10-002",
      YEAR        = "2010"
}
@ARTICLE{CMS-PAS-FWD-10-014,
      COLLABORATION = "CMS",
      TITLE       = "Measurement of inclusive and exclusive dijet production ratio at large rapidity intervals at {$\sqrt{s}=7\TeV$}",
      AUTHOR      = "{CMS Collaboration}",
      URL         = "http://cdsweb.cern.ch/record/1376398",
      JOURNAL     = "CMS Physics Analysis Summary",
      VOLUME      =  "CMS-PAS-FWD-10-014",
      YEAR        = "2010"
}
@ARTICLE{CMS-PAS-FWD-10-011,
      COLLABORATION = "CMS",
      TITLE       = "Forward energy flow in the {CMS} detector",
      AUTHOR      = "{CMS Collaboration}",
      URL         = "http://cdsweb.cern.ch/record/1350822",
      JOURNAL     = "CMS Physics Analysis Summary",
      VOLUME      =  "CMS-PAS-FWD-10-011",
      YEAR        = "2010"
}
@ARTICLE{CMS-PAS-FWD-10-008,
      COLLABORATION = "CMS",
      TITLE       = "Observation of {$W$} and {$Z$}-boson production in events with a large",
      AUTHOR      = "{CMS Collaboration}",
      URL         = "http://cdsweb.cern.ch/record/1357054",
      JOURNAL     = "CMS Physics Analysis Summary",
      VOLUME      =  "CMS-PAS-FWD-10-008",
      YEAR        = "2010"
}
@ARTICLE{CMS-PAS-FWD-10-007,
      COLLABORATION = "CMS",
      TITLE       = "Observation of diffraction in proton-proton collisions at 7 {TeV} centre-of-mass energies at the {LHC}",
      AUTHOR      = "{CMS Collaboration}",
      URL         = "http://cdsweb.cern.ch/record/1328610",
      JOURNAL     = "CMS Physics Analysis Summary",
      VOLUME      =  "CMS-PAS-FWD-10-007",
      YEAR        = "2010"
}
@ARTICLE{CMS-PAS-FWD-10-006,
      COLLABORATION = "CMS",
      TITLE       = "Cross section measurement for simultaneous production of a central and a forward jet in proton-proton collisions at $\sqrt{s}$~=~7 {TeV}",
      AUTHOR      = "{CMS Collaboration}",
      URL         = "http://cdsweb.cern.ch/record/1347515",
      JOURNAL     = "CMS Physics Analysis Summary",
      VOLUME      =  "CMS-PAS-FWD-10-006",
      YEAR        = "2010"
}
@ARTICLE{CMS-PAS-FWD-10-005,
      COLLABORATION = "CMS",
      TITLE       = "Measurement of exclusive $\gamma\gamma\rightarrow\mu^{+}\mu^{-}$ production at $\sqrt{s} = 7$~{TeV}",
      AUTHOR      = "{CMS Collaboration}",
      URL         = "http://cdsweb.cern.ch/record/1361388",
      JOURNAL     = "CMS Physics Analysis Summary",
      VOLUME      =  "CMS-PAS-FWD-10-005",
      YEAR        = "2010"
}
@ARTICLE{CMS-PAS-FWD-10-004,
      COLLABORATION = "CMS",
      TITLE       = "Production of dijets in events with a large rapidity gap in pp collisions at $\sqrt{s}=7$ {TeV}",
      AUTHOR      = "{CMS Collaboration}",
      URL         = "http://cdsweb.cern.ch/record/1421606",
      JOURNAL     = "CMS Physics Analysis Summary",
      VOLUME      =  "CMS-PAS-FWD-10-004",
      YEAR        = "2010"
}
@ARTICLE{CMS-PAS-FWD-10-003,
      COLLABORATION = "CMS",
      TITLE       = "Inclusive forwarad jet production cross sections in proton-proton collisions at $sqrt{s}=7$ {TeV}",
      AUTHOR      = "{CMS Collaboration}",
      URL         = "http://cdsweb.cern.ch/record/1347749",
      JOURNAL     = "CMS Physics Analysis Summary",
      VOLUME      =  "CMS-PAS-FWD-10-003",
      YEAR        = "2010"
}
@ARTICLE{CMS-PAS-FWD-10-002,
      COLLABORATION = "CMS",
      TITLE       = "Measurement of the energy flow at large pseudorapidity at the {LHC} at $\sqrt{s}=900$, $2360$ and $7000$ GeV",
      AUTHOR      = "{CMS Collaboration}",
      URL         = "http://cdsweb.cern.ch/record/1278485",
      JOURNAL     = "CMS Physics Analysis Summary",
      VOLUME      =  "CMS-PAS-FWD-10-002",
      YEAR        = "2010"
}
@ARTICLE{CMS-PAS-FWD-10-001,
      COLLABORATION = "CMS",
      TITLE       = "Observation of diffraction in proton-proton collisions at 900, 2360 and 7000~{GeV} centre-of-mass energies at the {LHC}",
      AUTHOR      = "{CMS Collaboration}",
      URL         = "http://cdsweb.cern.ch/record/1271073",
      JOURNAL     = "CMS Physics Analysis Summary",
      VOLUME      =  "CMS-PAS-FWD-10-001",
      YEAR        = "2010"
}
@ARTICLE{CMS-PAS-EXO-10-025,
      COLLABORATION = "CMS",
      TITLE       = "Search for New Physics in Highly Boosted {$Z^0$} Decays to Dimuons in pp Collisions at $sqrt{s}=7$~{TeV}",
      AUTHOR      = "{CMS Collaboration}",
      URL         = "http://cdsweb.cern.ch/record/1337256",
      JOURNAL     = "CMS Physics Analysis Summary",
      VOLUME      =  "CMS-PAS-EXO-10-025",
      YEAR        = "2010"
}
@ARTICLE{CMS-PAS-EXO-10-024,
      COLLABORATION = "CMS",
      TITLE       = "A Model Independent Search For New Physics  in an Inclusive Di-lepton Event Sample  in pp Collisions at $\sqrt{s}=7$ {TeV}",
      AUTHOR      = "{CMS Collaboration}",
      URL         = "http://cdsweb.cern.ch/record/1354225",
      JOURNAL     = "CMS Physics Analysis Summary",
      VOLUME      =  "CMS-PAS-EXO-10-024",
      YEAR        = "2010"
}
@ARTICLE{CMS-PAS-EXO-10-022,
      COLLABORATION = "CMS",
      TITLE       = "Search for New Ditau Resonances in pp Collisions at $\sqrt{s}$ = 7 {TeV}",
      AUTHOR      = "{CMS Collaboration}",
      URL         = "http://cdsweb.cern.ch/record/1367127",
      JOURNAL     = "CMS Physics Analysis Summary",
      VOLUME      =  "CMS-PAS-EXO-10-022",
      YEAR        = "2010"
}
@ARTICLE{CMS-PAS-EXO-10-021,
      COLLABORATION = "CMS",
      TITLE       = "Model Unspecific Search for New Physics in pp Collisions at {$\sqrt{s} = 7\TeV$}",
      AUTHOR      = "{CMS Collaboration}",
      URL         = "http://cdsweb.cern.ch/record/1360173",
      JOURNAL     = "CMS Physics Analysis Summary",
      VOLUME      =  "CMS-PAS-EXO-10-021",
      YEAR        = "2010"
}
@ARTICLE{CMS-PAS-EXO-10-020,
      COLLABORATION = "CMS",
      TITLE       = "Search for Large Extra Dimensions in Dimuon Events in pp Collisions at $\sqrt{s} = 7$~{TeV}",
      AUTHOR      = "{CMS Collaboration}",
      URL         = "http://cdsweb.cern.ch/record/1335097",
      JOURNAL     = "CMS Physics Analysis Summary",
      VOLUME      =  "CMS-PAS-EXO-10-020",
      YEAR        = "2010"
}
@ARTICLE{CMS-PAS-EXO-10-019,
      COLLABORATION = "CMS",
      TITLE       = "Search for {R}andall-{S}undrum Gravitons Decaying into Two Photons in 7 {TeV} p-p Collisions with the {CMS} Detector",
      AUTHOR      = "{CMS Collaboration}",
      URL         = "http://cdsweb.cern.ch/record/1350261",
      JOURNAL     = "CMS Physics Analysis Summary",
      VOLUME      =  "CMS-PAS-EXO-10-019",
      YEAR        = "2010"
}
@ARTICLE{CMS-PAS-EXO-10-010,
      COLLABORATION = "CMS",
      TITLE       = "Search for Dijet Resonances in the Dijet Mass Distribution in 7 {TeV} $pp$ Collisions at {CMS}",
      AUTHOR      = "{CMS Collaboration}",
      URL         = "http://cdsweb.cern.ch/record/1287571",
      JOURNAL     = "CMS Physics Analysis Summary",
      VOLUME      =  "CMS-PAS-EXO-10-010",
      YEAR        = "2010"
}
@ARTICLE{CMS-PAS-EXO-10-005,
      COLLABORATION = "CMS",
      TITLE       = "Search for Pair Production of First-Generation Scalar Leptoquarks Using Events Containing Two Electrons And Two Jets Produced in pp Collisions at $\sqrt{s}$= 7 {TeV}",
      AUTHOR      = "{CMS Collaboration}",
      URL         = "http://cdsweb.cern.ch/record/1289514",
      JOURNAL     = "CMS Physics Analysis Summary",
      VOLUME      =  "CMS-PAS-EXO-10-005",
      YEAR        = "2010"
}
@ARTICLE{CMS-PAS-EXO-10-004,
      COLLABORATION = "CMS",
      TITLE       = "Search for Heavy Stable Charged Particles in $pp$ collisions at $\sqrt{s}=7$ {TeV}",
      AUTHOR      = "{CMS Collaboration}",
      URL         = "http://cdsweb.cern.ch/record/1280690",
      JOURNAL     = "CMS Physics Analysis Summary",
      VOLUME      =  "CMS-PAS-EXO-10-004",
      YEAR        = "2010"
}
@ARTICLE{CMS-PAS-EXO-10-003,
      COLLABORATION = "CMS",
      TITLE       = "First Results on the Search for Stopped Gluinos in pp collisions at $\sqrt{s}$ = 7 {TeV}",
      AUTHOR      = "{CMS Collaboration}",
      URL         = "http://cdsweb.cern.ch/record/1280689",
      JOURNAL     = "CMS Physics Analysis Summary",
      VOLUME      =  "CMS-PAS-EXO-10-003",
      YEAR        = "2010"
}
@ARTICLE{CMS-PAS-EXO-10-002,
      COLLABORATION = "CMS",
      TITLE       = "Search for New Physics with the Dijet Centrality Ratio",
      AUTHOR      = "{CMS Collaboration}",
      URL         = "http://cdsweb.cern.ch/record/1280688",
      JOURNAL     = "CMS Physics Analysis Summary",
      VOLUME      =  "CMS-PAS-EXO-10-002",
      YEAR        = "2010"
}
@ARTICLE{CMS-PAS-EXO-10-001,
      COLLABORATION = "CMS",
      TITLE       = "Search for Dijet Resonances in the Dijet Mass Distribution in $pp$ Collisions at $\sqrt{s}=7$ {TeV}",
      AUTHOR      = "{CMS Collaboration}",
      URL         = "http://cdsweb.cern.ch/record/1280687",
      JOURNAL     = "CMS Physics Analysis Summary",
      VOLUME      =  "CMS-PAS-EXO-10-001",
      YEAR        = "2010"
}
@ARTICLE{CMS-PAS-EWK-10-015,
      COLLABORATION = "CMS",
      TITLE       = "Observation of {Z+b, Z$\rightarrow ee,\mu\mu$} with {CMS} at $\sqrt{s}=7$\,{TeV}",
      AUTHOR      = "{CMS Collaboration}",
      URL         = "http://cdsweb.cern.ch/record/1337739",
      JOURNAL     = "CMS Physics Analysis Summary",
      VOLUME      =  "CMS-PAS-EWK-10-015",
      YEAR        = "2010"
}
@ARTICLE{CMS-PAS-EWK-10-012,
      COLLABORATION = "CMS",
      TITLE       = "Rates of Jets Produced in Association with {W} and {Z} Bosons
in pp Collisions at $\sqrt{s} = 7$~TeV",
      AUTHOR      = "{CMS Collaboration}",
      URL         = "http://cdsweb.cern.ch/record/1337018",
      JOURNAL     = "CMS Physics Analysis Summary",
      VOLUME      =  "CMS-PAS-EWK-10-012",
      YEAR        = "2010"
}
@ARTICLE{CMS-PAS-EWK-10-011,
      COLLABORATION = "CMS",
      TITLE       = "Measurement of Forward-Backward Asymmetry of Lepton Pairs and the Weak-mixing Angle at {CMS}",
      AUTHOR      = "{CMS Collaboration}",
      URL         = "http://cdsweb.cern.ch/record/1337020",
      JOURNAL     = "CMS Physics Analysis Summary",
      VOLUME      =  "CMS-PAS-EWK-10-011",
      YEAR        = "2010"
}
@ARTICLE{CMS-PAS-EWK-10-010,
      COLLABORATION = "CMS",
      TITLE       = "Measurement of Differential Cross Sections for {Z} Bosons at $\sqrt{s}=7$ {TeV}",
      AUTHOR      = "{CMS Collaboration}",
      URL         = "http://cdsweb.cern.ch/record/1337272",
      JOURNAL     = "CMS Physics Analysis Summary",
      VOLUME      =  "CMS-PAS-EWK-10-010",
      YEAR        = "2010"
}
@ARTICLE{CMS-PAS-EWK-10-007,
      COLLABORATION = "CMS",
      TITLE       = "Measurement of the {D}rell-{Y}an Cross Section (${\mathrm d}\sigma/{\mathrm d}M$) in pp Collisions at $\sqrt{s} = 7$~TeV",
      AUTHOR      = "{CMS Collaboration}",
      URL         = "http://cdsweb.cern.ch/record/1336253",
      JOURNAL     = "CMS Physics Analysis Summary",
      VOLUME      =  "CMS-PAS-EWK-10-007",
      YEAR        = "2010"
}
@ARTICLE{CMS-PAS-EWK-10-005,
      COLLABORATION = "CMS",
      TITLE       = "Measurements of Inclusive {W} and {Z} Cross Sections  in pp Collisions at $\sqrt{s}=7$ {TeV}",
      AUTHOR      = "{CMS Collaboration}",
      URL         = "http://cdsweb.cern.ch/record/1337017",
      JOURNAL     = "CMS Physics Analysis Summary",
      VOLUME      =  "CMS-PAS-EWK-10-005",
      YEAR        = "2010"
}
@ARTICLE{CMS-PAS-EWK-10-004,
      COLLABORATION = "CMS",
      TITLE       = "Measurement of {CMS} Luminosity",
      AUTHOR      = "{CMS Collaboration}",
      URL         = "http://cdsweb.cern.ch/record/1279145",
      JOURNAL     = "CMS Physics Analysis Summary",
      VOLUME      =  "CMS-PAS-EWK-10-004",
      YEAR        = "2010"
}
@ARTICLE{CMS-PAS-EWK-10-002,
      COLLABORATION = "CMS",
      TITLE       = "Measurements of Inclusive {W} and {Z} Cross Sections  in pp Collisions at $\sqrt{s}=7$ {TeV}",
      AUTHOR      = "{CMS Collaboration}",
      URL         = "http://cdsweb.cern.ch/record/1279615",
      JOURNAL     = "CMS Physics Analysis Summary",
      VOLUME      =  "CMS-PAS-EWK-10-002",
      YEAR        = "2010"
}
@ARTICLE{CMS-PAS-EGM-10-006,
      COLLABORATION = "CMS",
      TITLE       = "Isolated Photon Reconstruction and Identification at $\sqrt{s}=7$ {TeV}",
      AUTHOR      = "{CMS Collaboration}",
      URL         = "http://cdsweb.cern.ch/record/1324545",
      JOURNAL     = "CMS Physics Analysis Summary",
      VOLUME      =  "CMS-PAS-EGM-10-006",
      YEAR        = "2010"
}
@ARTICLE{CMS-PAS-EGM-10-005,
      COLLABORATION = "CMS",
      TITLE       = "Photon reconstruction and identification at $\sqrt{s}$ = 7 {TeV}",
      AUTHOR      = "{CMS Collaboration}",
      URL         = "http://cdsweb.cern.ch/record/1279143",
      JOURNAL     = "CMS Physics Analysis Summary",
      VOLUME      =  "CMS-PAS-EGM-10-005",
      YEAR        = "2010"
}
@ARTICLE{CMS-PAS-EGM-10-004,
      COLLABORATION = "CMS",
      TITLE       = "Electron Reconstruction and Identification at $\sqrt{s} = 7$ {TeV}",
      AUTHOR      = "{CMS Collaboration}",
      URL         = "http://cdsweb.cern.ch/record/1299116",
      JOURNAL     = "CMS Physics Analysis Summary",
      VOLUME      =  "CMS-PAS-EGM-10-004",
      YEAR        = "2010"
}
@ARTICLE{CMS-PAS-EGM-10-003,
      COLLABORATION = "CMS",
      TITLE       = "Electromagnetic calorimeter calibration with 7 {TeV} data",
      AUTHOR      = "{CMS Collaboration}",
      URL         = "http://cdsweb.cern.ch/record/1279350",
      JOURNAL     = "CMS Physics Analysis Summary",
      VOLUME      =  "CMS-PAS-EGM-10-003",
      YEAR        = "2010"
}
@ARTICLE{CMS-PAS-EGM-10-001,
      COLLABORATION = "CMS",
      TITLE       = "Electromagnetic physics objects commissioning with first {LHC} data",
      AUTHOR      = "{CMS Collaboration}",
      URL         = "http://cdsweb.cern.ch/record/1247384",
      JOURNAL     = "CMS Physics Analysis Summary",
      VOLUME      =  "CMS-PAS-EGM-10-001",
      YEAR        = "2010"
}
@ARTICLE{CMS-PAS-BTV-10-001,
      COLLABORATION = "CMS",
      TITLE       = "Commissioning of b-jet identification with pp collisions at $\sqrt{s}$ = 7 {TeV}",
      AUTHOR      = "{CMS Collaboration}",
      URL         = "http://cdsweb.cern.ch/record/1279144",
      JOURNAL     = "CMS Physics Analysis Summary",
      VOLUME      =  "CMS-PAS-BTV-10-001",
      YEAR        = "2010"
}
@ARTICLE{CMS-PAS-BPH-10-018,
      COLLABORATION = "CMS",
      TITLE       = "Measurement of the production cross section ratio of X(3872) and psi(2S) in the decays to J/psi pi+ pi- in pp collisions at sqrt(s) = 7 TeV",
      AUTHOR      = "{CMS Collaboration}",
      URL         = "http://cdsweb.cern.ch/record/1345725",
      JOURNAL     = "CMS Physics Analysis Summary",
      VOLUME      =  "CMS-PAS-BPH-10-018",
      YEAR        = "2010"
}
@ARTICLE{CMS-PAS-BPH-10-015,
      COLLABORATION = "CMS",
      TITLE       = "Measurement of correlated $b\overline{b}$ cross section with dimuons",
      AUTHOR      = "{CMS Collaboration}",
      URL         = "http://cdsweb.cern.ch/record/1369557",
      JOURNAL     = "CMS Physics Analysis Summary",
      VOLUME      =  "CMS-PAS-BPH-10-015",
      YEAR        = "2010"
}
@ARTICLE{CMS-PAS-BPH-10-009,
      COLLABORATION = "CMS",
      TITLE       = "Inclusive b-jet production in pp collisions at $\sqrt{s}=7$~{TeV}",
      AUTHOR      = "{CMS Collaboration}",
      URL         = "http://cdsweb.cern.ch/record/1280454",
      JOURNAL     = "CMS Physics Analysis Summary",
      VOLUME      =  "CMS-PAS-BPH-10-009",
      YEAR        = "2010"
}
@ARTICLE{CMS-PAS-BPH-10-008,
      COLLABORATION = "CMS",
      TITLE       = "Measurement of the cross section for open-beauty production with muons and b-tagged jets in pp Collisions at sqrt(s) = 7 {TeV}",
      AUTHOR      = "{CMS Collaboration}",
      URL         = "http://cdsweb.cern.ch/record/1378455",
      JOURNAL     = "CMS Physics Analysis Summary",
      VOLUME      =  "CMS-PAS-BPH-10-008",
      YEAR        = "2010"
}
@ARTICLE{CMS-PAS-BPH-10-007,
      COLLABORATION = "CMS",
      TITLE       = "Measurement of the Open Beauty Production Cross Section with Muons in $pp$ Collisions at $\sqrt{s} = 7$~{TeV}",
      AUTHOR      = "{CMS Collaboration}",
      URL         = "http://cdsweb.cern.ch/record/1280453",
      JOURNAL     = "CMS Physics Analysis Summary",
      VOLUME      =  "CMS-PAS-BPH-10-007",
      YEAR        = "2010"
}
@ARTICLE{CMS-PAS-BPH-10-003,
      COLLABORATION = "CMS",
      TITLE       = "Upsilon production cross section in pp collisions at $\sqrt{s}=7$ {TeV}",
      AUTHOR      = "{CMS Collaboration}",
      URL         = "http://cdsweb.cern.ch/record/1279617",
      JOURNAL     = "CMS Physics Analysis Summary",
      VOLUME      =  "CMS-PAS-BPH-10-003",
      YEAR        = "2010"
}
@ARTICLE{CMS-PAS-BPH-10-002,
      COLLABORATION = "CMS",
      TITLE       = "$J/\psi$ prompt and non-prompt cross sections in pp collisions at $\sqrt{s} = 7$ {TeV}",
      AUTHOR      = "{CMS Collaboration}",
      URL         = "http://cdsweb.cern.ch/record/1279616",
      JOURNAL     = "CMS Physics Analysis Summary",
      VOLUME      =  "CMS-PAS-BPH-10-002",
      YEAR        = "2010"
}
@ARTICLE{CMS-PAS-TOP-09-010,
      COLLABORATION = "CMS",
      TITLE       = "Expectation for a measurement of the $t\overline t$ production cross section in the muon+jets final state using a multivariate technique",
      AUTHOR      = "{CMS Collaboration}",
      URL         = "http://cdsweb.cern.ch/record/1194524",
      JOURNAL     = "CMS Physics Analysis Summary",
      VOLUME      =  "CMS-PAS-TOP-09-010",
      YEAR        = "2009"
}
@ARTICLE{CMS-PAS-TOP-09-009,
      COLLABORATION = "CMS",
      TITLE       = "Study of the top-pair invariant mass distribution in the semileptonic muon channel at {$\sqrt{s} = 10\,\mathrm{TeV}$}",
      AUTHOR      = "{CMS Collaboration}",
      URL         = "http://cdsweb.cern.ch/record/1194523",
      JOURNAL     = "CMS Physics Analysis Summary",
      VOLUME      =  "CMS-PAS-TOP-09-009",
      YEAR        = "2009"
}
@ARTICLE{CMS-PAS-TOP-09-007,
      COLLABORATION = "CMS",
      TITLE       = "Plan for a $B(t \rightarrow Wb)/B(t \rightarrow Wq)$ measurement in $t \bar{t}$ semi-leptonic decays at $\sqrt{s}$=10 {TeV}",
      AUTHOR      = "{CMS Collaboration}",
      URL         = "http://cdsweb.cern.ch/record/1194522",
      JOURNAL     = "CMS Physics Analysis Summary",
      VOLUME      =  "CMS-PAS-TOP-09-007",
      YEAR        = "2009"
}
@ARTICLE{CMS-PAS-TOP-09-005,
      COLLABORATION = "CMS",
      TITLE       = "Prospects for the measurement of the single-top t-channel cross section in the muon channel with 200~pb$^{-1}$ of {CMS} data at 10 {TeV}",
      AUTHOR      = "{CMS Collaboration}",
      URL         = "http://cdsweb.cern.ch/record/1194521",
      JOURNAL     = "CMS Physics Analysis Summary",
      VOLUME      =  "CMS-PAS-TOP-09-005",
      YEAR        = "2009"
}
@ARTICLE{CMS-PAS-TOP-09-004,
      COLLABORATION = "CMS",
      TITLE       = "Plans for an early measurement of the $t\bar{t}$ cross section in the electron+jets channel at $\sqrt{s}$ = 10 {TeV}",
      AUTHOR      = "{CMS Collaboration}",
      URL         = "http://cdsweb.cern.ch/record/1194520",
      JOURNAL     = "CMS Physics Analysis Summary",
      VOLUME      =  "CMS-PAS-TOP-09-004",
      YEAR        = "2009"
}
@ARTICLE{CMS-PAS-TOP-09-003,
      COLLABORATION = "CMS",
      TITLE       = "Prospects for the first Measurement of the $t\bar{t}$ Cross Section in the Muon-plus-Jets Channel at  $\sqrt{s}=10$ {TeV} with the {CMS} Detector",
      AUTHOR      = "{CMS Collaboration}",
      URL         = "http://cdsweb.cern.ch/record/1194519",
      JOURNAL     = "CMS Physics Analysis Summary",
      VOLUME      =  "CMS-PAS-TOP-09-003",
      YEAR        = "2009"
}
@ARTICLE{CMS-PAS-TOP-09-002,
      COLLABORATION = "CMS",
      TITLE       = "Expectations for observation of top quark pair production in the dilepton final state with the early {CMS} data  at $\sqrt{s} = 10$ {TeV}",
      AUTHOR      = "{CMS Collaboration}",
      URL         = "http://cdsweb.cern.ch/record/1194518",
      JOURNAL     = "CMS Physics Analysis Summary",
      VOLUME      =  "CMS-PAS-TOP-09-002",
      YEAR        = "2009"
}
@ARTICLE{CMS-PAS-TOP-09-001,
      COLLABORATION = "CMS",
      TITLE       = "Probing the heavy flavor content of the \ttbar dilepton channel in proton proton collisions at $\sqrt{s}=10$ {TeV}",
      AUTHOR      = "{CMS Collaboration}",
      URL         = "http://cdsweb.cern.ch/record/1248225",
      JOURNAL     = "CMS Physics Analysis Summary",
      VOLUME      =  "CMS-PAS-TOP-09-001",
      YEAR        = "2009"
}
@ARTICLE{CMS-PAS-SUS-09-004,
      COLLABORATION = "CMS",
      TITLE       = "Data-Driven Background Estimates for {SUSY} Di-Photon Searches",
      AUTHOR      = "{CMS Collaboration}",
      URL         = "http://cdsweb.cern.ch/record/1194508",
      JOURNAL     = "CMS Physics Analysis Summary",
      VOLUME      =  "CMS-PAS-SUS-09-004",
      YEAR        = "2009"
}
@ARTICLE{CMS-PAS-SUS-09-002,
      COLLABORATION = "CMS",
      TITLE       = "Discovery potential and measurement of a dilepton mass edge in {SUSY} events at $\sqrt{s}=10$ {TeV}",
      AUTHOR      = "{CMS Collaboration}",
      URL         = "http://cdsweb.cern.ch/record/1194507",
      JOURNAL     = "CMS Physics Analysis Summary",
      VOLUME      =  "CMS-PAS-SUS-09-002",
      YEAR        = "2009"
}
@ARTICLE{CMS-PAS-SUS-09-001,
      COLLABORATION = "CMS",
      TITLE       = "Search for {SUSY} with exclusive hadronic {N}-Jet Events",
      AUTHOR      = "{CMS Collaboration}",
      URL         = "http://cdsweb.cern.ch/record/1194509",
      JOURNAL     = "CMS Physics Analysis Summary",
      VOLUME      =  "CMS-PAS-SUS-09-001",
      YEAR        = "2009"
}
@ARTICLE{CMS-PAS-QCD-09-003,
      COLLABORATION = "CMS",
      TITLE       = "Dijet Azimuthal Decorrelations in \textit{pp} Collisions at $\sqrt s$=10 {TeV}",
      AUTHOR      = "{CMS Collaboration}",
      URL         = "http://cdsweb.cern.ch/record/1194514",
      JOURNAL     = "CMS Physics Analysis Summary",
      VOLUME      =  "CMS-PAS-QCD-09-003",
      YEAR        = "2009"
}
@ARTICLE{CMS-PAS-QCD-09-002,
      COLLABORATION = "CMS",
      TITLE       = "Study of Charged Hadron Multiplicity in Minimum Bias p+p Collisions at $\sqrt{s}=900$ {GeV} and 10 {TeV}",
      AUTHOR      = "{CMS Collaboration}",
      URL         = "http://cdsweb.cern.ch/record/1194513",
      JOURNAL     = "CMS Physics Analysis Summary",
      VOLUME      =  "CMS-PAS-QCD-09-002",
      YEAR        = "2009"
}
@ARTICLE{CMS-PAS-PFT-09-001,
      COLLABORATION = "CMS",
      TITLE       = "Particle--Flow Event Reconstruction in {CMS} and Performance for Jets, Taus, and {\MET}",
      AUTHOR      = "{CMS Collaboration}",
      URL         = "http://cdsweb.cern.ch/record/1194487",
      JOURNAL     = "CMS Physics Analysis Summary",
      VOLUME      =  "CMS-PAS-PFT-09-001",
      YEAR        = "2009"
}
@ARTICLE{CMS-PAS-JME-09-010,
      COLLABORATION = "CMS",
      TITLE       = "Performance of Track-Corrected Missing {$E_{T}$} in {CMS}",
      AUTHOR      = "{CMS Collaboration}",
      URL         = "http://cdsweb.cern.ch/record/1228297",
      JOURNAL     = "CMS Physics Analysis Summary",
      VOLUME      =  "CMS-PAS-JME-09-010",
      YEAR        = "2009"
}
@ARTICLE{CMS-PAS-JME-09-009,
      COLLABORATION = "CMS",
      TITLE       = "Calibration of the absolute jet energy scale with {$Z(\rightarrow\mu^{+}\mu^{-})$} + jet events at {CMS}",
      AUTHOR      = "{CMS Collaboration}",
      URL         = "http://cdsweb.cern.ch/record/1195743",
      JOURNAL     = "CMS Physics Analysis Summary",
      VOLUME      =  "CMS-PAS-JME-09-009",
      YEAR        = "2009"
}
@ARTICLE{CMS-PAS-JME-09-008,
      COLLABORATION = "CMS",
      TITLE       = "Calorimeter Jet Quality Criteria for the First {CMS} Collision Data",
      AUTHOR      = "{CMS Collaboration}",
      URL         = "http://cdsweb.cern.ch/record/1259924",
      JOURNAL     = "CMS Physics Analysis Summary",
      VOLUME      =  "CMS-PAS-JME-09-008",
      YEAR        = "2010"
}
@ARTICLE{CMS-PAS-JME-09-007,
      COLLABORATION = "CMS",
      TITLE       = "Jet Reconstruction Performance at {CMS}",
      AUTHOR      = "{CMS Collaboration}",
      URL         = "http://cdsweb.cern.ch/record/1194493",
      JOURNAL     = "CMS Physics Analysis Summary",
      VOLUME      =  "CMS-PAS-JME-09-007",
      YEAR        = "2009"
}
@ARTICLE{CMS-PAS-JME-09-005,
      COLLABORATION = "CMS",
      TITLE       = "Determination of the jet energy scale using {$Z\to e^+e^-$} + jet {$p_T$} balance and a procedure for combining data driven corrections",
      AUTHOR      = "{CMS Collaboration}",
      URL         = "http://cdsweb.cern.ch/record/1194492",
      JOURNAL     = "CMS Physics Analysis Summary",
      VOLUME      =  "CMS-PAS-JME-09-005",
      YEAR        = "2009"
}
@ARTICLE{CMS-PAS-JME-09-004,
      COLLABORATION = "CMS",
      TITLE       = "Jet energy calibration with photon+jet events",
      AUTHOR      = "{CMS Collaboration}",
      URL         = "http://cdsweb.cern.ch/record/1194491",
      JOURNAL     = "CMS Physics Analysis Summary",
      VOLUME      =  "CMS-PAS-JME-09-004",
      YEAR        = "2009"
}
@ARTICLE{CMS-PAS-JME-09-003,
      COLLABORATION = "CMS",
      TITLE       = "Offset Energy Correction for Cone Jets",
      AUTHOR      = "{CMS Collaboration}",
      URL         = "http://cdsweb.cern.ch/record/1194490",
      JOURNAL     = "CMS Physics Analysis Summary",
      VOLUME      =  "CMS-PAS-JME-09-003",
      YEAR        = "2009"
}
@ARTICLE{CMS-PAS-JME-09-002,
      COLLABORATION = "CMS",
      TITLE       = "Jet Plus Tracks Algorithm for Calorimeter Jet Energy Corrections in {CMS}",
      AUTHOR      = "{CMS Collaboration}",
      URL         = "http://cdsweb.cern.ch/record/1190234",
      JOURNAL     = "CMS Physics Analysis Summary",
      VOLUME      =  "CMS-PAS-JME-09-002",
      YEAR        = "2009"
}
@ARTICLE{CMS-PAS-JME-09-001,
      COLLABORATION = "CMS",
      TITLE       = "A Cambridge-Aachen (C-A) based Jet Algorithm for boosted top-jet tagging",
      AUTHOR      = "{CMS Collaboration}",
      URL         = "http://cdsweb.cern.ch/record/1194489",
      JOURNAL     = "CMS Physics Analysis Summary",
      VOLUME      =  "CMS-PAS-JME-09-001",
      YEAR        = "2009"
}
@ARTICLE{CMS-PAS-EXO-09-013,
      COLLABORATION = "CMS",
      TITLE       = "Search for Mono-Jet Final States from ADD Extra-Dimensions at $\sqrt{s}$=10 {TeV}",
      AUTHOR      = "{CMS Collaboration}",
      URL         = "http://cdsweb.cern.ch/record/1194496",
      JOURNAL     = "CMS Physics Analysis Summary",
      VOLUME      =  "CMS-PAS-EXO-09-013",
      YEAR        = "2009"
}
@ARTICLE{CMS-PAS-EXO-09-012,
      COLLABORATION = "CMS",
      TITLE       = "Search for A Fourth Generation $b^\prime$ Quark in $tW$ Final State at {CMS} in $pp$ Collisions at $\sqrt{s} = 10$ {TeV}",
      AUTHOR      = "{CMS Collaboration}",
      URL         = "http://cdsweb.cern.ch/record/1195747",
      JOURNAL     = "CMS Physics Analysis Summary",
      VOLUME      =  "CMS-PAS-EXO-09-012",
      YEAR        = "2009"
}
@ARTICLE{CMS-PAS-EXO-09-011,
      COLLABORATION = "CMS",
      TITLE       = "Search for Scalar and Tensor Unparticles in the Diphoton Final State",
      AUTHOR      = "{CMS Collaboration}",
      URL         = "http://cdsweb.cern.ch/record/1194501",
      JOURNAL     = "CMS Physics Analysis Summary",
      VOLUME      =  "CMS-PAS-EXO-09-011",
      YEAR        = "2009"
}
@ARTICLE{CMS-PAS-EXO-09-010,
      COLLABORATION = "CMS",
      TITLE       = "Search for Second Generation Scalar Leptoquarks with the {CMS} Detector",
      AUTHOR      = "{CMS Collaboration}",
      URL         = "http://cdsweb.cern.ch/record/1194503",
      JOURNAL     = "CMS Physics Analysis Summary",
      VOLUME      =  "CMS-PAS-EXO-09-010",
      YEAR        = "2009"
}
@ARTICLE{CMS-PAS-EXO-09-009,
      COLLABORATION = "CMS",
      TITLE       = "Search for Randall-Sundrum Gravitons in the Diphoton Final State",
      AUTHOR      = "{CMS Collaboration}",
      URL         = "http://cdsweb.cern.ch/record/1194500",
      JOURNAL     = "CMS Physics Analysis Summary",
      VOLUME      =  "CMS-PAS-EXO-09-009",
      YEAR        = "2009"
}
@ARTICLE{CMS-PAS-EXO-09-008,
      COLLABORATION = "CMS",
      TITLE       = "Search for heavy narrow $\rm{t\bar{t}}$ resonances in muon-plus-jets final states with the {CMS} detector",
      AUTHOR      = "{CMS Collaboration}",
      URL         = "http://cdsweb.cern.ch/record/1194498",
      JOURNAL     = "CMS Physics Analysis Summary",
      VOLUME      =  "CMS-PAS-EXO-09-008",
      YEAR        = "2009"
}
@ARTICLE{CMS-PAS-EXO-09-007,
      COLLABORATION = "CMS",
      TITLE       = "Search for Technicolor with the {CMS} Experiment",
      AUTHOR      = "{CMS Collaboration}",
      URL         = "http://cdsweb.cern.ch/record/1194502",
      JOURNAL     = "CMS Physics Analysis Summary",
      VOLUME      =  "CMS-PAS-EXO-09-007",
      YEAR        = "2009"
}
@ARTICLE{CMS-PAS-EXO-09-006,
      COLLABORATION = "CMS",
      TITLE       = "Search for high mass resonances decaying into an electron pair
in CMS at 10 TeV with 100 pb$^{-1}$",
      AUTHOR      = "{CMS Collaboration}",
      URL         = "http://cdsweb.cern.ch/record/1194497",
      JOURNAL     = "CMS Physics Analysis Summary",
      VOLUME      =  "CMS-PAS-EXO-09-006",
      YEAR        = "2009"
}
@ARTICLE{CMS-PAS-EXO-09-004,
      COLLABORATION = "CMS",
      TITLE       = "Search for Large Extra Dimensions in the Diphoton Final State",
      AUTHOR      = "{CMS Collaboration}",
      URL         = "http://cdsweb.cern.ch/record/1194499",
      JOURNAL     = "CMS Physics Analysis Summary",
      VOLUME      =  "CMS-PAS-EXO-09-004",
      YEAR        = "2009"
}
@ARTICLE{CMS-PAS-EXO-09-003,
      COLLABORATION = "CMS",
      TITLE       = "Searching for Majorana Neutrinos in the Like-Sign Dilepton Final State at $\sqrt{s}=$ 10 TeV at the LHC",
      AUTHOR      = "{CMS Collaboration}",
      URL         = "http://cdsweb.cern.ch/record/1194504",
      JOURNAL     = "CMS Physics Analysis Summary",
      VOLUME      =  "CMS-PAS-EXO-09-003",
      YEAR        = "2009"
}
@ARTICLE{CMS-PAS-EXO-09-002,
      COLLABORATION = "CMS",
      TITLE       = "Search for High-Mass Resonances Decaying into Top-Antitop Pairs in the All-Hadronic Mode",
      AUTHOR      = "{CMS Collaboration}",
      URL         = "http://cdsweb.cern.ch/record/1194495",
      JOURNAL     = "CMS Physics Analysis Summary",
      VOLUME      =  "CMS-PAS-EXO-09-002",
      YEAR        = "2009"
}
@ARTICLE{CMS-PAS-EXO-09-001,
      COLLABORATION = "CMS",
      TITLE       = "Searching for Stopped Gluinos during Beam-off Periods at {CMS}",
      AUTHOR      = "{CMS Collaboration}",
      URL         = "http://cdsweb.cern.ch/record/1194472",
      JOURNAL     = "CMS Physics Analysis Summary",
      VOLUME      =  "CMS-PAS-EXO-09-001",
      YEAR        = "2009"
}
@ARTICLE{CMS-PAS-EWK-09-006,
      COLLABORATION = "CMS",
      TITLE       = "Study of the ratio of $\mathrm{W}$~+~jets to $\mathrm{Z}$~+~jets in proton--proton collisions at $\sqrt{s} =$ 10 {TeV} with the {CMS} detector at the {CERN} {LHC}",
      AUTHOR      = "{CMS Collaboration}",
      URL         = "http://cdsweb.cern.ch/record/1202801",
      JOURNAL     = "CMS Physics Analysis Summary",
      VOLUME      =  "CMS-PAS-EWK-09-006",
      YEAR        = "2009"
}
@ARTICLE{CMS-PAS-EWK-09-005,
      COLLABORATION = "CMS",
      TITLE       = "Study of the Z$\rightarrow$ee differential cross section as a function of Z rapidity at $\sqrt{s} = 10$ {TeV}",
      AUTHOR      = "{CMS Collaboration}",
      URL         = "http://cdsweb.cern.ch/record/1194517",
      JOURNAL     = "CMS Physics Analysis Summary",
      VOLUME      =  "CMS-PAS-EWK-09-005",
      YEAR        = "2009"
}
@ARTICLE{CMS-PAS-EWK-09-004,
      COLLABORATION = "CMS",
      TITLE       = "Towards a Measurement of the Inclusive W$\rightarrow\mu\nu$ and $\gamma^*/Z\rightarrow$ee Cross Sections in pp Collisions at $\sqrt{s}=10$ {TeV}",
      AUTHOR      = "{CMS Collaboration}",
      URL         = "http://cdsweb.cern.ch/record/1194516",
      JOURNAL     = "CMS Physics Analysis Summary",
      VOLUME      =  "CMS-PAS-EWK-09-004",
      YEAR        = "2009"
}
@ARTICLE{CMS-PAS-EWK-09-003,
      COLLABORATION = "CMS",
      TITLE       = "Muon Differential Cross Section and Charge Asymmetry in Inclusive $pp\rightarrow W(\mu\nu) + X$ Production at $\sqrt{s}$ = 10 {TeV}",
      AUTHOR      = "{CMS Collaboration}",
      URL         = "http://cdsweb.cern.ch/record/1195744",
      JOURNAL     = "CMS Physics Analysis Summary",
      VOLUME      =  "CMS-PAS-EWK-09-003",
      YEAR        = "2009"
}
@ARTICLE{CMS-PAS-EWK-09-002,
      COLLABORATION = "CMS",
      TITLE       = "Prospects for the first measurement of the $WW$ production cross-section in pp collisions at $\sqrt s = $10 {TeV} center of mass energy with the {CMS} detector",
      AUTHOR      = "{CMS Collaboration}",
      URL         = "http://cdsweb.cern.ch/record/1194515",
      JOURNAL     = "CMS Physics Analysis Summary",
      VOLUME      =  "CMS-PAS-EWK-09-002",
      YEAR        = "2009"
}
@ARTICLE{CMS-PAS-EWK-09-001,
      COLLABORATION = "CMS",
      TITLE       = "Towards a measurement of the inclusive $W\rightarrow\mu\nu$ and $Z\rightarrow\mu\mu$ cross sections in pp collisions at $\sqrt{s} = 10$ {TeV}",
      AUTHOR      = "{CMS Collaboration}",
      URL         = "http://cdsweb.cern.ch/record/1194474",
      JOURNAL     = "CMS Physics Analysis Summary",
      VOLUME      =  "CMS-PAS-EWK-09-001",
      YEAR        = "2009"
}
@ARTICLE{CMS-PAS-BTV-09-001,
      COLLABORATION = "CMS",
      TITLE       = "Algorithms for b Jet Identification in {CMS}",
      AUTHOR      = "{CMS Collaboration}",
      URL         = "http://cdsweb.cern.ch/record/1194494",
      JOURNAL     = "CMS Physics Analysis Summary",
      VOLUME      =  "CMS-PAS-BTV-09-001",
      YEAR        = "2009"
}
@ARTICLE{CMS-PAS-BPH-09-001,
      COLLABORATION = "CMS",
      TITLE       = "Measurement of Differential Production Cross Sections and Lifetime Ratio for Exclusive Decays of $B^+$ and $B^0$ Mesons in $pp$ Collisions at $\sqrt{s} = 10$ {TeV}",
      AUTHOR      = "{CMS Collaboration}",
      URL         = "http://cdsweb.cern.ch/record/1194470",
      JOURNAL     = "CMS Physics Analysis Summary",
      VOLUME      =  "CMS-PAS-BPH-09-001",
      YEAR        = "2009"
}
@ARTICLE{CMS-PAS-TOP-08-005,
      COLLABORATION = "CMS",
      TITLE       = "Observability of Top Quark Pair Production in the Semileptonic Muon Channel with the first 10 inverse picobarns of {CMS} Data",
      AUTHOR      = "{CMS Collaboration}",
      URL         = "http://cdsweb.cern.ch/record/1198690",
      JOURNAL     = "CMS Physics Analysis Summary",
      VOLUME      =  "CMS-PAS-TOP-08-005",
      YEAR        = "2009"
}
@ARTICLE{CMS-PAS-TOP-08-004,
      COLLABORATION = "CMS",
      TITLE       = "Towards the measurement of the \ttbar cross section in the $e\tau$ and $\mu\tau$ dilepton channel in $pp$ collisions at $\sqrt{s}=14$~{TeV}",
      AUTHOR      = "{CMS Collaboration}",
      URL         = "http://cdsweb.cern.ch/record/1198689",
      JOURNAL     = "CMS Physics Analysis Summary",
      VOLUME      =  "CMS-PAS-TOP-08-004",
      YEAR        = "2009"
}
@ARTICLE{CMS-PAS-TOP-08-002,
      COLLABORATION = "CMS",
      TITLE       = "Measurements of the {$t\bar{t}$} cross section in the dilepton channels with {$\mathcal{L}= 100\;pb^{-1}$} using the {CMS} detector",
      AUTHOR      = "{CMS Collaboration}",
      URL         = "http://cdsweb.cern.ch/record/1198688",
      JOURNAL     = "CMS Physics Analysis Summary",
      VOLUME      =  "CMS-PAS-TOP-08-002",
      YEAR        = "2009"
}
@ARTICLE{CMS-PAS-TOP-08-001,
      COLLABORATION = "CMS",
      TITLE       = "Expectations for observation of top quark pair production in the dilepton final state with the first $10~\mathrm{pb}^{-1}$\ of {CMS} data",
      AUTHOR      = "{CMS Collaboration}",
      URL         = "http://cdsweb.cern.ch/record/1194475",
      JOURNAL     = "CMS Physics Analysis Summary",
      VOLUME      =  "CMS-PAS-TOP-08-001",
      YEAR        = "2008"
}
@ARTICLE{CMS-PAS-SUS-08-005,
      COLLABORATION = "CMS",
      TITLE       = "{SUSY} searches with dijet events",
      AUTHOR      = "{CMS Collaboration}",
      URL         = "http://cdsweb.cern.ch/record/1149915",
      JOURNAL     = "CMS Physics Analysis Summary",
      VOLUME      =  "CMS-PAS-SUS-08-005",
      YEAR        = "2008"
}
@ARTICLE{CMS-PAS-SUS-08-002,
      COLLABORATION = "CMS",
      TITLE       = "Data-Driven Estimation of the Invisible {Z} Background  to the {SUSY} {MET} Plus Jets Search",
      AUTHOR      = "{CMS Collaboration}",
      URL         = "http://cdsweb.cern.ch/record/1194471",
      JOURNAL     = "CMS Physics Analysis Summary",
      VOLUME      =  "CMS-PAS-SUS-08-002",
      YEAR        = "2009"
}
@ARTICLE{CMS-PAS-SUS-08-001,
      COLLABORATION = "CMS",
      TITLE       = "Dilepton + Jets + {MET} channel : Observation and Measurement of $\tilde{\chi}_{2}^{o} \rightarrow \tilde{\chi}_{1}^{o} \ell \ell $",
      AUTHOR      = "{CMS Collaboration}",
      URL         = "http://cdsweb.cern.ch/record/1152563",
      JOURNAL     = "CMS Physics Analysis Summary",
      VOLUME      =  "CMS-PAS-SUS-08-001",
      YEAR        = "2008"
}
@ARTICLE{CMS-PAS-QCD-08-005,
      COLLABORATION = "CMS",
      TITLE       = "Transverse Momentum Distribution within Jets in pp Collisions at $\sqrt{s} =14$ {TeV}",
      AUTHOR      = "{CMS Collaboration}",
      URL         = "http://cdsweb.cern.ch/record/1281585",
      JOURNAL     = "CMS Physics Analysis Summary",
      VOLUME      =  "CMS-PAS-QCD-08-005",
      YEAR        = "2008"
}
@ARTICLE{CMS-PAS-QCD-08-004,
      COLLABORATION = "CMS",
      TITLE       = "Pseudorapidity distributions of charged hadrons in minimum-bias p-p collisions at $\sqrt{s}=14$ {TeV}",
      AUTHOR      = "{CMS Collaboration}",
      URL         = "http://cdsweb.cern.ch/record/1152561",
      JOURNAL     = "CMS Physics Analysis Summary",
      VOLUME      =  "CMS-PAS-QCD-08-004",
      YEAR        = "2008"
}
@ARTICLE{CMS-PAS-QCD-08-003,
      COLLABORATION = "CMS",
      TITLE       = "Study of Hadronic Event-Shape Variables",
      AUTHOR      = "{CMS Collaboration}",
      URL         = "http://cdsweb.cern.ch/record/1152560",
      JOURNAL     = "CMS Physics Analysis Summary",
      VOLUME      =  "CMS-PAS-QCD-08-003",
      YEAR        = "2008"
}
@ARTICLE{CMS-PAS-QCD-08-002,
      COLLABORATION = "CMS",
      TITLE       = "Study of jet transverse structure using  the second moment of the jet profile   in transverse momentum in $pp$ collisions at $\sqrt{s} = 10$ {TeV}",
      AUTHOR      = "{CMS Collaboration}",
      URL         = "http://cdsweb.cern.ch/record/1194512",
      JOURNAL     = "CMS Physics Analysis Summary",
      VOLUME      =  "CMS-PAS-QCD-08-002",
      YEAR        = "2009"
}
@ARTICLE{CMS-PAS-QCD-08-001,
      COLLABORATION = "CMS",
      TITLE       = "Initial Measurement of the Inclusive Jet Cross Section at {$10\TeV$} with {CMS}",
      AUTHOR      = "{CMS Collaboration}",
      URL         = "http://cdsweb.cern.ch/record/1195745",
      JOURNAL     = "CMS Physics Analysis Summary",
      VOLUME      =  "CMS-PAS-QCD-08-001",
      YEAR        = "2009"
}
@ARTICLE{CMS-PAS-PFT-08-001,
      COLLABORATION = "CMS",
      TITLE       = "CMS Strategies for tau reconstruction and identification using particle-flow techniques",
      AUTHOR      = "{CMS Collaboration}",
      URL         = "http://cdsweb.cern.ch/record/1198228",
      JOURNAL     = "CMS Physics Analysis Summary",
      VOLUME      =  "CMS-PAS-PFT-08-001",
      YEAR        = "2009"
}
@ARTICLE{CMS-PAS-JME-08-003,
      COLLABORATION = "CMS",
      TITLE       = "Determination of the Relative Jet Energy Scale at {CMS} from Dijet Balance.",
      AUTHOR      = "{CMS Collaboration}",
      URL         = "http://cdsweb.cern.ch/record/1194488",
      JOURNAL     = "CMS Physics Analysis Summary",
      VOLUME      =  "CMS-PAS-JME-08-003",
      YEAR        = "2009"
}
@ARTICLE{CMS-PAS-JME-08-002,
      COLLABORATION = "CMS",
      TITLE       = "Jet Corrections to Parent Parton Energy",
      AUTHOR      = "{CMS Collaboration}",
      URL         = "http://cdsweb.cern.ch/record/1195742",
      JOURNAL     = "CMS Physics Analysis Summary",
      VOLUME      =  "CMS-PAS-JME-08-002",
      YEAR        = "2009"
}
@ARTICLE{CMS-PAS-JME-08-001,
      COLLABORATION = "CMS",
      TITLE       = "Performance of Jet Reconstruction   with Charged Tracks only",
      AUTHOR      = "{CMS Collaboration}",
      URL         = "http://cdsweb.cern.ch/record/1198681",
      JOURNAL     = "CMS Physics Analysis Summary",
      VOLUME      =  "CMS-PAS-JME-08-001",
      YEAR        = "2009"
}
@ARTICLE{CMS-PAS-HIG-08-008,
      COLLABORATION = "CMS",
      TITLE       = "Search for the Standard Model {Higgs} boson produced in Vector Boson Fusion and decaying into a~$\tau$~pair in {CMS} with 1 fb$^{-1}$",
      AUTHOR      = "{CMS Collaboration}",
      URL         = "http://cdsweb.cern.ch/record/1152567",
      JOURNAL     = "CMS Physics Analysis Summary",
      VOLUME      =  "CMS-PAS-HIG-08-008",
      YEAR        = "2008"
}
@ARTICLE{CMS-PAS-HIG-08-006,
      COLLABORATION = "CMS",
      TITLE       = "Search Strategy for a Standard Model {Higgs} Boson Decaying
to Two $W$ Bosons in the Fully Leptonic Final State",
      AUTHOR      = "{CMS Collaboration}",
      URL         = "http://cdsweb.cern.ch/record/1195746",
      JOURNAL     = "CMS Physics Analysis Summary",
      VOLUME      =  "CMS-PAS-HIG-08-006",
      YEAR        = "2009"
}
@ARTICLE{CMS-PAS-HIG-08-003,
      COLLABORATION = "CMS",
      TITLE       = "Search strategy for the {Higgs} boson in the ZZ$^{(*)}$ decay channel with the {CMS} experiment",
      AUTHOR      = "{CMS Collaboration}",
      URL         = "http://cdsweb.cern.ch/record/1194473",
      JOURNAL     = "CMS Physics Analysis Summary",
      VOLUME      =  "CMS-PAS-HIG-08-003",
      YEAR        = "2010"
}
@ARTICLE{CMS-PAS-HIG-08-001,
      COLLABORATION = "CMS",
      TITLE       = "Towards the Search for the Standard Model {Higgs} boson produced in Vector Boson Fusion and decaying into a~$\tau$~pair in {CMS} with 1 fb$^{-1}$: $\tau$ identifications studies",
      AUTHOR      = "{CMS Collaboration}",
      URL         = "http://cdsweb.cern.ch/record/1152566",
      JOURNAL     = "CMS Physics Analysis Summary",
      VOLUME      =  "CMS-PAS-HIG-08-001",
      YEAR        = "2008"
}
@ARTICLE{CMS-PAS-FWD-08-002,
      COLLABORATION = "CMS",
      TITLE       = "Observation of Single-Diffractive Production of Di-jets at the {LHC}",
      AUTHOR      = "{CMS Collaboration}",
      URL         = "http://cdsweb.cern.ch/record/1198683",
      JOURNAL     = "CMS Physics Analysis Summary",
      VOLUME      =  "CMS-PAS-FWD-08-002",
      YEAR        = "2009"
}
@ARTICLE{CMS-PAS-FWD-08-001,
      COLLABORATION = "CMS",
      TITLE       = "Low-$x$ {QCD} studies with jets in the Hadron Forward calorimeter in p-p collisions at $\sqrt{s}$ = 14 {TeV}",
      AUTHOR      = "{CMS Collaboration}",
      URL         = "http://cdsweb.cern.ch/record/1194469",
      JOURNAL     = "CMS Physics Analysis Summary",
      VOLUME      =  "CMS-PAS-FWD-08-001",
      YEAR        = "2008"
}
@ARTICLE{CMS-PAS-EXO-08-013,
      COLLABORATION = "CMS",
      TITLE       = "Search for Low Mass b' Production in {CMS}",
      AUTHOR      = "{CMS Collaboration}",
      URL         = "http://cdsweb.cern.ch/record/1194506",
      JOURNAL     = "CMS Physics Analysis Summary",
      VOLUME      =  "CMS-PAS-EXO-08-013",
      YEAR        = "2009"
}
@ARTICLE{CMS-PAS-EXO-08-011,
      COLLABORATION = "CMS",
      TITLE       = "Search for Mono-Jet Final States from {ADD} Extra Dimensions",
      AUTHOR      = "{CMS Collaboration}",
      URL         = "http://cdsweb.cern.ch/record/1198687",
      JOURNAL     = "CMS Physics Analysis Summary",
      VOLUME      =  "CMS-PAS-EXO-08-011",
      YEAR        = "2009"
}
@ARTICLE{CMS-PAS-EXO-08-010,
      COLLABORATION = "CMS",
      TITLE       = "Search for Pair Production of First Generation Scalar Leptoquarks at the {CMS} Experiment",
      AUTHOR      = "{CMS Collaboration}",
      URL         = "http://cdsweb.cern.ch/record/1196076",
      JOURNAL     = "CMS Physics Analysis Summary",
      VOLUME      =  "CMS-PAS-EXO-08-010",
      YEAR        = "2009"
}
@ARTICLE{CMS-PAS-EXO-08-009,
      COLLABORATION = "CMS",
      TITLE       = "Search for Heavy Bottom-like Fourth Generation Quark Pair at {CMS} in pp Collisions at sqrt(s) = 14 {TeV}",
      AUTHOR      = "{CMS Collaboration}",
      URL         = "http://cdsweb.cern.ch/record/1198686",
      JOURNAL     = "CMS Physics Analysis Summary",
      VOLUME      =  "CMS-PAS-EXO-08-009",
      YEAR        = "2009"
}
@ARTICLE{CMS-PAS-EXO-08-008,
      COLLABORATION = "CMS",
      TITLE       = "Search for Exotic Top Partners with the {CMS} Experiment",
      AUTHOR      = "{CMS Collaboration}",
      URL         = "http://cdsweb.cern.ch/record/1194505",
      JOURNAL     = "CMS Physics Analysis Summary",
      VOLUME      =  "CMS-PAS-EXO-08-008",
      YEAR        = "2009"
}
@ARTICLE{CMS-PAS-EXO-08-005,
      COLLABORATION = "CMS",
      TITLE       = "{MUSIC} -- An Automated Scan for Deviations between Data and {Monte} {Carlo} Simulation",
      AUTHOR      = "{CMS Collaboration}",
      URL         = "http://cdsweb.cern.ch/record/1152572",
      JOURNAL     = "CMS Physics Analysis Summary",
      VOLUME      =  "CMS-PAS-EXO-08-005",
      YEAR        = "2008"
}
@ARTICLE{CMS-PAS-EXO-08-004,
      COLLABORATION = "CMS",
      TITLE       = "Discovery Potential of $W' \rightarrow e \nu$ at {CMS}",
      AUTHOR      = "{CMS Collaboration}",
      URL         = "http://cdsweb.cern.ch/record/1152571",
      JOURNAL     = "CMS Physics Analysis Summary",
      VOLUME      =  "CMS-PAS-EXO-08-004",
      YEAR        = "2008"
}
@ARTICLE{CMS-PAS-EXO-08-003,
      COLLABORATION = "CMS",
      TITLE       = "Search for Heavy Stable Charged Particles with 100 inverse picobarns and 1 inverse femtobarn in the {CMS} experiment",
      AUTHOR      = "{CMS Collaboration}",
      URL         = "http://cdsweb.cern.ch/record/1152570",
      JOURNAL     = "CMS Physics Analysis Summary",
      VOLUME      =  "CMS-PAS-EXO-08-003",
      YEAR        = "2009"
}
@ARTICLE{CMS-PAS-EXO-08-001,
      COLLABORATION = "CMS",
      TITLE       = "Search for high mass resonance production decaying into an electron pair in the {CMS} experiment",
      AUTHOR      = "{CMS Collaboration}",
      URL         = "http://cdsweb.cern.ch/record/1152569",
      JOURNAL     = "CMS Physics Analysis Summary",
      VOLUME      =  "CMS-PAS-EXO-08-001",
      YEAR        = "2009"
}
@ARTICLE{CMS-PAS-EWK-08-006,
      COLLABORATION = "CMS",
      TITLE       = "Study of {Z} production in association with jets in proton-proton collisions at sqrt(s) = 10 {TeV}
with the CMS detector at the CERN LHC",
      AUTHOR      = "{CMS Collaboration}",
      URL         = "http://cdsweb.cern.ch/record/1202800",
      JOURNAL     = "CMS Physics Analysis Summary",
      VOLUME      =  "CMS-PAS-EWK-08-006",
      YEAR        = "2008"
}
@ARTICLE{CMS-PAS-EWK-08-005,
      COLLABORATION = "CMS",
      TITLE       = "Towards a Measurement of the Inclusive {$\PW\to\Pe\nu$} and {$\Pgg^*/\PZ\to\Pep\Pem$} Cross Sections in pp Collisions at $\sqrt{s}=14$ {TeV}",
      AUTHOR      = "{CMS Collaboration}",
      URL         = "http://cdsweb.cern.ch/record/1152577",
      JOURNAL     = "CMS Physics Analysis Summary",
      VOLUME      =  "CMS-PAS-EWK-08-005",
      YEAR        = "2008"
}
@ARTICLE{CMS-PAS-EWK-08-003,
      COLLABORATION = "CMS",
      TITLE       = "Study of the process pp to {WZ} to l(+/-) neutrino l(+) l(-) (l=electron, muon)",
      AUTHOR      = "{CMS Collaboration}",
      URL         = "http://cdsweb.cern.ch/record/1152576",
      JOURNAL     = "CMS Physics Analysis Summary",
      VOLUME      =  "CMS-PAS-EWK-08-003",
      YEAR        = "2009"
}
@ARTICLE{CMS-PAS-EWK-08-002,
      COLLABORATION = "CMS",
      TITLE       = "Measurement of the Muon Charge Asymmetry in the {$\Pp\Pp\to\PW+X\to\Pgm\nu+X$} process at $\sqrt{s}=14$ {TeV}",
      AUTHOR      = "{CMS Collaboration}",
      URL         = "http://cdsweb.cern.ch/record/1152575",
      JOURNAL     = "CMS Physics Analysis Summary",
      VOLUME      =  "CMS-PAS-EWK-08-002",
      YEAR        = "2008"
}
@ARTICLE{CMS-PAS-EWK-08-001,
      COLLABORATION = "CMS",
      TITLE       = "Measurement of the {Z} b b-bar, {Z} to lepton lepton cross section with 100 inverse picobarns of early {CMS} data at the {LHC}",
      AUTHOR      = "{CMS Collaboration}",
      URL         = "http://cdsweb.cern.ch/record/1152574",
      JOURNAL     = "CMS Physics Analysis Summary",
      VOLUME      =  "CMS-PAS-EWK-08-001",
      YEAR        = "2009"
}
@ARTICLE{CMS-PAS-BPH-08-004,
      COLLABORATION = "CMS",
      TITLE       = "Measurement of the Azimuthal Correlation in b-bbar Production in pp Collisions with the {CMS} detector",
      AUTHOR      = "{CMS Collaboration}",
      URL         = "http://cdsweb.cern.ch/record/1198685",
      JOURNAL     = "CMS Physics Analysis Summary",
      VOLUME      =  "CMS-PAS-BPH-08-004",
      YEAR        = "2008"
}
@ARTICLE{CMS-PAS-TOP-07-004,
      COLLABORATION = "CMS",
      TITLE       = "Measurement of jet energy scale corrections using top quark events",
      AUTHOR      = "{CMS Collaboration}",
      URL         = "http://cdsweb.cern.ch/record/1248226",
      JOURNAL     = "CMS Physics Analysis Summary",
      VOLUME      =  "CMS-PAS-TOP-07-004",
      YEAR        = "2008"
}
@ARTICLE{CMS-PAS-SBM-07-002,
      COLLABORATION = "CMS",
      TITLE       = "Search for New High-Mass Resonances Decaying to Muon Pairs in the {CMS} Experiment",
      AUTHOR      = "{CMS Collaboration}",
      URL         = "http://cdsweb.cern.ch/record/1152564",
      JOURNAL     = "CMS Physics Analysis Summary",
      VOLUME      =  "CMS-PAS-SBM-07-002",
      YEAR        = "2007"
}
@ARTICLE{CMS-PAS-SBM-07-001,
      COLLABORATION = "CMS",
      TITLE       = "CMS Search Plans and Sensitivity to New Physics using Dijets",
      AUTHOR      = "{CMS Collaboration}",
      URL         = "http://cdsweb.cern.ch/record/1152565",
      JOURNAL     = "CMS Physics Analysis Summary",
      VOLUME      =  "CMS-PAS-SBM-07-001",
      YEAR        = "2007"
}
@ARTICLE{CMS-PAS-QCD-07-003,
      COLLABORATION = "CMS",
      TITLE       = "Measurement of the Underlying Event in Jet Topologies using Charged Particle and Momentum Densities",
      AUTHOR      = "{CMS Collaboration}",
      URL         = "http://cdsweb.cern.ch/record/1152559",
      JOURNAL     = "CMS Physics Analysis Summary",
      VOLUME      =  "CMS-PAS-QCD-07-003",
      YEAR        = "2007"
}
@ARTICLE{CMS-PAS-QCD-07-002,
      COLLABORATION = "CMS",
      TITLE       = "Zero bias and HF-based minimum bias triggering for pp collisions at 14 {TeV} in {CMS}",
      AUTHOR      = "{CMS Collaboration}",
      URL         = "http://cdsweb.cern.ch/record/1152558",
      JOURNAL     = "CMS Physics Analysis Summary",
      VOLUME      =  "CMS-PAS-QCD-07-002",
      YEAR        = "2007"
}
@ARTICLE{CMS-PAS-QCD-07-001,
      COLLABORATION = "CMS",
      TITLE       = "Measurement of charged hadron spectra",
      AUTHOR      = "{CMS Collaboration}",
      URL         = "http://cdsweb.cern.ch/record/1152068",
      JOURNAL     = "CMS Physics Analysis Summary",
      VOLUME      =  "CMS-PAS-QCD-07-001",
      YEAR        = "2007"
}
@ARTICLE{CMS-PAS-JME-07-003,
      COLLABORATION = "CMS",
      TITLE       = "Performance of Jet Algorithms in {CMS}",
      AUTHOR      = "{CMS Collaboration}",
      URL         = "http://cdsweb.cern.ch/record/1198227",
      JOURNAL     = "CMS Physics Analysis Summary",
      VOLUME      =  "CMS-PAS-JME-07-003",
      YEAR        = "2007"
}
@ARTICLE{CMS-PAS-JME-07-002,
      COLLABORATION = "CMS",
      TITLE       = "Plans for Jet Energy Corrections at {CMS}",
      AUTHOR      = "{CMS Collaboration}",
      URL         = "http://cdsweb.cern.ch/record/1194485",
      JOURNAL     = "CMS Physics Analysis Summary",
      VOLUME      =  "CMS-PAS-JME-07-002",
      YEAR        = "2008"
}
@ARTICLE{CMS-PAS-HIN-07-002,
      COLLABORATION = "CMS",
      TITLE       = "Study of photon-tagged jet events in high-energy heavy ion collisions with {CMS}",
      AUTHOR      = "{CMS Collaboration}",
      URL         = "http://cdsweb.cern.ch/record/1198684",
      JOURNAL     = "CMS Physics Analysis Summary",
      VOLUME      =  "CMS-PAS-HIN-07-002",
      YEAR        = "2007"
}
@ARTICLE{CMS-PAS-HIG-07-001,
      COLLABORATION = "CMS",
      TITLE       = "Search for the Higgs boson in the {WW}(*) decay channel with the {CMS} experiment",
      AUTHOR      = "{CMS Collaboration}",
      URL         = "http://cdsweb.cern.ch/record/1152568",
      JOURNAL     = "CMS Physics Analysis Summary",
      VOLUME      =  "CMS-PAS-HIG-07-001",
      YEAR        = "2009"
}
@ARTICLE{CMS-PAS-EWK-07-002,
      COLLABORATION = "CMS",
      TITLE       = "Towards a measurement of {W} and {Z} cross sections into muons in pp collisions at $\sqrt{s}=14$ {TeV}",
      AUTHOR      = "{CMS Collaboration}",
      URL         = "http://cdsweb.cern.ch/record/1152573",
      JOURNAL     = "CMS Physics Analysis Summary",
      VOLUME      =  "CMS-PAS-EWK-07-002",
      YEAR        = "2007"
}
@ARTICLE{CMS-PAS-EGM-07-001,
      COLLABORATION = "CMS",
      TITLE       = "Measuring Electron Efficiencies at {CMS} with Early Data",
      AUTHOR      = "{CMS Collaboration}",
      URL         = "http://cdsweb.cern.ch/record/1194482",
      JOURNAL     = "CMS Physics Analysis Summary",
      VOLUME      =  "CMS-PAS-EGM-07-001",
      YEAR        = "2008"
}
@ARTICLE{CMS-PAS-DIF-07-002,
      COLLABORATION = "CMS",
      TITLE       = "Study of single-diffractive production of {W} bosons at the {LHC}",
      AUTHOR      = "{CMS Collaboration}",
      URL         = "http://cdsweb.cern.ch/record/1198682",
      JOURNAL     = "CMS Physics Analysis Summary",
      VOLUME      =  "CMS-PAS-DIF-07-002",
      YEAR        = "2009"
}
@ARTICLE{CMS-PAS-DIF-07-001,
      COLLABORATION = "CMS",
      TITLE       = "Exclusive Diplepton Production",
      AUTHOR      = "{CMS Collaboration}",
      URL         = "http://cdsweb.cern.ch/record/1178890",
      JOURNAL     = "CMS Physics Analysis Summary",
      VOLUME      =  "CMS-PAS-DIF-07-001",
      YEAR        = "2007"
}
@ARTICLE{CMS-PAS-BTV-07-003,
      COLLABORATION = "CMS",
      TITLE       = "Impact of Tracker Misalignment on the {CMS} b-Tagging Performance",
      AUTHOR      = "{CMS Collaboration}",
      URL         = "http://cdsweb.cern.ch/record/1198691",
      JOURNAL     = "CMS Physics Analysis Summary",
      VOLUME      =  "CMS-PAS-BTV-07-003",
      YEAR        = "2009"
}
@ARTICLE{CMS-PAS-BTV-07-002,
      COLLABORATION = "CMS",
      TITLE       = "Evaluation of udsg Mistags for b-tagging using Negative Tags",
      AUTHOR      = "{CMS Collaboration}",
      URL         = "http://cdsweb.cern.ch/record/1194484",
      JOURNAL     = "CMS Physics Analysis Summary",
      VOLUME      =  "CMS-PAS-BTV-07-002",
      YEAR        = "2007"
}
@ARTICLE{CMS-PAS-BTV-07-001,
      COLLABORATION = "CMS",
      TITLE       = "Performance Measurement of b tagging Algorithms Using Data containing Muons within Jets",
      AUTHOR      = "{CMS Collaboration}",
      URL         = "http://cdsweb.cern.ch/record/1194483",
      JOURNAL     = "CMS Physics Analysis Summary",
      VOLUME      =  "CMS-PAS-BTV-07-001",
      YEAR        = "2007"
}
@ARTICLE{CMS-PAS-BPH-07-002,
      COLLABORATION = "CMS",
      TITLE       = "Feasibility study of a {J}/$\psi$ cross section measurement with early {CMS} data",
      AUTHOR      = "{CMS Collaboration}",
      URL         = "http://cdsweb.cern.ch/record/1195749",
      JOURNAL     = "CMS Physics Analysis Summary",
      VOLUME      =  "CMS-PAS-BPH-07-002",
      YEAR        = "2009"
}
@ARTICLE{CMS-PAS-BPH-07-001,
      COLLABORATION = "CMS",
      TITLE       = "Study of Strange {B} Mesons Decaying to mu mu in {CMS}",
      AUTHOR      = "{CMS Collaboration}",
      URL         = "http://cdsweb.cern.ch/record/1195748",
      JOURNAL     = "CMS Physics Analysis Summary",
      VOLUME      =  "CMS-PAS-BPH-07-001",
      YEAR        = "2009"
}
